{
    "symbol": "CDW",
    "annualReports": [
        {
            "fiscalDateEnding": "2022-12-31",
            "reportedCurrency": "USD",
            "grossProfit": "4686600000",
            "totalRevenue": "23513000000",
            "costOfRevenue": "22246500000",
            "costofGoodsAndServicesSold": "19062100000",
            "operatingIncome": "1735200000",
            "sellingGeneralAndAdministrative": "2951400000",
            "researchAndDevelopment": "None",
            "operatingExpenses": "3192700000",
            "investmentIncomeNet": "None",
            "netInterestIncome": "-235700000",
            "interestIncome": "None",
            "interestExpense": "235700000",
            "nonInterestIncome": "23748700000",
            "otherNonOperatingIncome": "-11700000",
            "depreciation": "58000000",
            "depreciationAndAmortization": "233000000",
            "incomeBeforeTax": "1487800000",
            "incomeTaxExpense": "373300000",
            "interestAndDebtExpense": "None",
            "netIncomeFromContinuingOperations": "1114500000",
            "comprehensiveIncomeNetOfTax": "1056500000",
            "ebit": "1735200000",
            "ebitda": "1968200000",
            "netIncome": "1114500000"
        },
        {
            "fiscalDateEnding": "2021-12-31",
            "reportedCurrency": "USD",
            "grossProfit": "3568500000",
            "totalRevenue": "20669900000",
            "costOfRevenue": "19550800000",
            "costofGoodsAndServicesSold": "17252300000",
            "operatingIncome": "1419000000",
            "sellingGeneralAndAdministrative": "2149500000",
            "researchAndDevelopment": "None",
            "operatingExpenses": "2293500000",
            "investmentIncomeNet": "None",
            "netInterestIncome": "-150900000",
            "interestIncome": "None",
            "interestExpense": "150900000",
            "nonInterestIncome": "20820800000",
            "otherNonOperatingIncome": "29700000",
            "depreciation": "42000000",
            "depreciationAndAmortization": "149000000",
            "incomeBeforeTax": "1297800000",
            "incomeTaxExpense": "309200000",
            "interestAndDebtExpense": "None",
            "netIncomeFromContinuingOperations": "988600000",
            "comprehensiveIncomeNetOfTax": "990000000",
            "ebit": "1419000000",
            "ebitda": "1568000000",
            "netIncome": "988600000"
        },
        {
            "fiscalDateEnding": "2020-12-31",
            "reportedCurrency": "USD",
            "grossProfit": "3210100000",
            "totalRevenue": "18312600000",
            "costOfRevenue": "17500300000",
            "costofGoodsAndServicesSold": "15257400000",
            "operatingIncome": "1179200000",
            "sellingGeneralAndAdministrative": "2030900000",
            "researchAndDevelopment": "None",
            "operatingExpenses": "2273800000",
            "investmentIncomeNet": "None",
            "netInterestIncome": "-154900000",
            "interestIncome": "None",
            "interestExpense": "154900000",
            "nonInterestIncome": "18467500000",
            "otherNonOperatingIncome": "-22000000",
            "depreciation": "213000000",
            "depreciationAndAmortization": "212000000",
            "incomeBeforeTax": "1002300000",
            "incomeTaxExpense": "213800000",
            "interestAndDebtExpense": "None",
            "netIncomeFromContinuingOperations": "788500000",
            "comprehensiveIncomeNetOfTax": "810500000",
            "ebit": "1179200000",
            "ebitda": "1391200000",
            "netIncome": "788500000"
        },
        {
            "fiscalDateEnding": "2019-12-31",
            "reportedCurrency": "USD",
            "grossProfit": "3039900000",
            "totalRevenue": "17873000000",
            "costOfRevenue": "16924600000",
            "costofGoodsAndServicesSold": "14992500000",
            "operatingIncome": "1133600000",
            "sellingGeneralAndAdministrative": "1906300000",
            "researchAndDevelopment": "None",
            "operatingExpenses": "1932100000",
            "investmentIncomeNet": "None",
            "netInterestIncome": "-159400000",
            "interestIncome": "159400000",
            "interestExpense": "159400000",
            "nonInterestIncome": "18032400000",
            "otherNonOperatingIncome": "-24500000",
            "depreciation": "41000000",
            "depreciationAndAmortization": "219000000",
            "incomeBeforeTax": "949700000",
            "incomeTaxExpense": "212900000",
            "interestAndDebtExpense": "None",
            "netIncomeFromContinuingOperations": "736800000",
            "comprehensiveIncomeNetOfTax": "749600000",
            "ebit": "1133600000",
            "ebitda": "1352600000",
            "netIncome": "736800000"
        },
        {
            "fiscalDateEnding": "2018-12-31",
            "reportedCurrency": "USD",
            "grossProfit": "2706900000",
            "totalRevenue": "16091900000",
            "costOfRevenue": "15293700000",
            "costofGoodsAndServicesSold": "13533600000",
            "operatingIncome": "987300000",
            "sellingGeneralAndAdministrative": "1719600000",
            "researchAndDevelopment": "None",
            "operatingExpenses": "1760100000",
            "investmentIncomeNet": "None",
            "netInterestIncome": "-148600000",
            "interestIncome": "148600000",
            "interestExpense": "148600000",
            "nonInterestIncome": "16240500000",
            "otherNonOperatingIncome": "1800000",
            "depreciation": "42000000",
            "depreciationAndAmortization": "223000000",
            "incomeBeforeTax": "840500000",
            "incomeTaxExpense": "197500000",
            "interestAndDebtExpense": "0",
            "netIncomeFromContinuingOperations": "643000000",
            "comprehensiveIncomeNetOfTax": "608300000",
            "ebit": "987300000",
            "ebitda": "1210300000",
            "netIncome": "643000000"
        }
    ],
    "quarterlyReports": [
        {
            "fiscalDateEnding": "2022-12-31",
            "reportedCurrency": "USD",
            "grossProfit": "1181100000",
            "totalRevenue": "5378900000",
            "costOfRevenue": "5224700000",
            "costofGoodsAndServicesSold": "4257200000",
            "operatingIncome": "446600000",
            "sellingGeneralAndAdministrative": "734500000",
            "researchAndDevelopment": "None",
            "operatingExpenses": "969200000",
            "investmentIncomeNet": "None",
            "netInterestIncome": "-59400000",
            "interestIncome": "None",
            "interestExpense": "59400000",
            "nonInterestIncome": "5438300000",
            "otherNonOperatingIncome": "-6000000",
            "depreciation": "None",
            "depreciationAndAmortization": "None",
            "incomeBeforeTax": "381200000",
            "incomeTaxExpense": "94000000",
            "interestAndDebtExpense": "None",
            "netIncomeFromContinuingOperations": "287200000",
            "comprehensiveIncomeNetOfTax": "322400000",
            "ebit": "446600000",
            "ebitda": "440600000",
            "netIncome": "287200000"
        },
        {
            "fiscalDateEnding": "2022-09-30",
            "reportedCurrency": "USD",
            "grossProfit": "1233200000",
            "totalRevenue": "6152900000",
            "costOfRevenue": "5749100000",
            "costofGoodsAndServicesSold": "4982300000",
            "operatingIncome": "466400000",
            "sellingGeneralAndAdministrative": "766800000",
            "researchAndDevelopment": "None",
            "operatingExpenses": "766800000",
            "investmentIncomeNet": "None",
            "netInterestIncome": "-62600000",
            "interestIncome": "None",
            "interestExpense": "62600000",
            "nonInterestIncome": "6215500000",
            "otherNonOperatingIncome": "-4800000",
            "depreciation": "None",
            "depreciationAndAmortization": "75600000",
            "incomeBeforeTax": "398800000",
            "incomeTaxExpense": "101000000",
            "interestAndDebtExpense": "None",
            "netIncomeFromContinuingOperations": "298000000",
            "comprehensiveIncomeNetOfTax": "249500000",
            "ebit": "466400000",
            "ebitda": "537200000",
            "netIncome": "297800000"
        },
        {
            "fiscalDateEnding": "2022-06-30",
            "reportedCurrency": "USD",
            "grossProfit": "1168200000",
            "totalRevenue": "6088100000",
            "costOfRevenue": "5710500000",
            "costofGoodsAndServicesSold": "4977600000",
            "operatingIncome": "435300000",
            "sellingGeneralAndAdministrative": "732900000",
            "researchAndDevelopment": "None",
            "operatingExpenses": "732900000",
            "investmentIncomeNet": "None",
            "netInterestIncome": "-57700000",
            "interestIncome": "None",
            "interestExpense": "57700000",
            "nonInterestIncome": "6145800000",
            "otherNonOperatingIncome": "-400000",
            "depreciation": "None",
            "depreciationAndAmortization": "71100000",
            "incomeBeforeTax": "377200000",
            "incomeTaxExpense": "97900000",
            "interestAndDebtExpense": "None",
            "netIncomeFromContinuingOperations": "279300000",
            "comprehensiveIncomeNetOfTax": "243100000",
            "ebit": "435300000",
            "ebitda": "506000000",
            "netIncome": "279300000"
        },
        {
            "fiscalDateEnding": "2022-03-31",
            "reportedCurrency": "USD",
            "grossProfit": "1104100000",
            "totalRevenue": "5893100000",
            "costOfRevenue": "5562200000",
            "costofGoodsAndServicesSold": "4845000000",
            "operatingIncome": "386900000",
            "sellingGeneralAndAdministrative": "717200000",
            "researchAndDevelopment": "None",
            "operatingExpenses": "718900000",
            "investmentIncomeNet": "None",
            "netInterestIncome": "-56000000",
            "interestIncome": "None",
            "interestExpense": "56000000",
            "nonInterestIncome": "5949100000",
            "otherNonOperatingIncome": "-500000",
            "depreciation": "None",
            "depreciationAndAmortization": "71400000",
            "incomeBeforeTax": "330400000",
            "incomeTaxExpense": "80200000",
            "interestAndDebtExpense": "None",
            "netIncomeFromContinuingOperations": "250200000",
            "comprehensiveIncomeNetOfTax": "241500000",
            "ebit": "386900000",
            "ebitda": "457800000",
            "netIncome": "250200000"
        },
        {
            "fiscalDateEnding": "2021-12-31",
            "reportedCurrency": "USD",
            "grossProfit": "975600000",
            "totalRevenue": "5493500000",
            "costOfRevenue": "5346600000",
            "costofGoodsAndServicesSold": "4561300000",
            "operatingIncome": "339300000",
            "sellingGeneralAndAdministrative": "636300000",
            "researchAndDevelopment": "None",
            "operatingExpenses": "787600000",
            "investmentIncomeNet": "None",
            "netInterestIncome": "-43400000",
            "interestIncome": "None",
            "interestExpense": "43400000",
            "nonInterestIncome": "5536900000",
            "otherNonOperatingIncome": "-8600000",
            "depreciation": "None",
            "depreciationAndAmortization": "51200000",
            "incomeBeforeTax": "287300000",
            "incomeTaxExpense": "72000000",
            "interestAndDebtExpense": "None",
            "netIncomeFromContinuingOperations": "215300000",
            "comprehensiveIncomeNetOfTax": "218400000",
            "ebit": "339300000",
            "ebitda": "381900000",
            "netIncome": "215300000"
        },
        {
            "fiscalDateEnding": "2021-09-30",
            "reportedCurrency": "USD",
            "grossProfit": "914900000",
            "totalRevenue": "5263600000",
            "costOfRevenue": "4913600000",
            "costofGoodsAndServicesSold": "4385100000",
            "operatingIncome": "386400000",
            "sellingGeneralAndAdministrative": "528500000",
            "researchAndDevelopment": "None",
            "operatingExpenses": "528500000",
            "investmentIncomeNet": "None",
            "netInterestIncome": "-36400000",
            "interestIncome": "None",
            "interestExpense": "36400000",
            "nonInterestIncome": "5300000000",
            "otherNonOperatingIncome": "400000",
            "depreciation": "None",
            "depreciationAndAmortization": "48200000",
            "incomeBeforeTax": "350600000",
            "incomeTaxExpense": "84000000",
            "interestAndDebtExpense": "None",
            "netIncomeFromContinuingOperations": "266600000",
            "comprehensiveIncomeNetOfTax": "252300000",
            "ebit": "386400000",
            "ebitda": "435000000",
            "netIncome": "266600000"
        },
        {
            "fiscalDateEnding": "2021-06-30",
            "reportedCurrency": "USD",
            "grossProfit": "882800000",
            "totalRevenue": "5110900000",
            "costOfRevenue": "4776500000",
            "costofGoodsAndServicesSold": "4263600000",
            "operatingIncome": "369900000",
            "sellingGeneralAndAdministrative": "512900000",
            "researchAndDevelopment": "None",
            "operatingExpenses": "512900000",
            "investmentIncomeNet": "None",
            "netInterestIncome": "-35500000",
            "interestIncome": "None",
            "interestExpense": "35500000",
            "nonInterestIncome": "5146400000",
            "otherNonOperatingIncome": "36800000",
            "depreciation": "None",
            "depreciationAndAmortization": "46600000",
            "incomeBeforeTax": "371200000",
            "incomeTaxExpense": "97100000",
            "interestAndDebtExpense": "None",
            "netIncomeFromContinuingOperations": "274200000",
            "comprehensiveIncomeNetOfTax": "280000000",
            "ebit": "369900000",
            "ebitda": "453300000",
            "netIncome": "274100000"
        },
        {
            "fiscalDateEnding": "2021-03-31",
            "reportedCurrency": "USD",
            "grossProfit": "795200000",
            "totalRevenue": "4801900000",
            "costOfRevenue": "4514100000",
            "costofGoodsAndServicesSold": "4042300000",
            "operatingIncome": "323400000",
            "sellingGeneralAndAdministrative": "471800000",
            "researchAndDevelopment": "None",
            "operatingExpenses": "470500000",
            "investmentIncomeNet": "None",
            "netInterestIncome": "-35600000",
            "interestIncome": "None",
            "interestExpense": "35600000",
            "nonInterestIncome": "4837500000",
            "otherNonOperatingIncome": "1100000",
            "depreciation": "None",
            "depreciationAndAmortization": "45200000",
            "incomeBeforeTax": "288900000",
            "incomeTaxExpense": "56300000",
            "interestAndDebtExpense": "None",
            "netIncomeFromContinuingOperations": "232600000",
            "comprehensiveIncomeNetOfTax": "239300000",
            "ebit": "323400000",
            "ebitda": "369700000",
            "netIncome": "232600000"
        },
        {
            "fiscalDateEnding": "2020-12-31",
            "reportedCurrency": "USD",
            "grossProfit": "880900000",
            "totalRevenue": "4956200000",
            "costOfRevenue": "4836000000",
            "costofGoodsAndServicesSold": "4075300000",
            "operatingIncome": "332200000",
            "sellingGeneralAndAdministrative": "548700000",
            "researchAndDevelopment": "None",
            "operatingExpenses": "761200000",
            "investmentIncomeNet": "None",
            "netInterestIncome": "-37100000",
            "interestIncome": "None",
            "interestExpense": "37100000",
            "nonInterestIncome": "4956200000",
            "otherNonOperatingIncome": "-100000",
            "depreciation": "None",
            "depreciationAndAmortization": "76600000",
            "incomeBeforeTax": "295000000",
            "incomeTaxExpense": "56700000",
            "interestAndDebtExpense": "None",
            "netIncomeFromContinuingOperations": "332200000",
            "comprehensiveIncomeNetOfTax": "273200000",
            "ebit": "332200000",
            "ebitda": "408700000",
            "netIncome": "238300000"
        },
        {
            "fiscalDateEnding": "2020-09-30",
            "reportedCurrency": "USD",
            "grossProfit": "825500000",
            "totalRevenue": "4716200000",
            "costOfRevenue": "4438600000",
            "costofGoodsAndServicesSold": "3930900000",
            "operatingIncome": "317800000",
            "sellingGeneralAndAdministrative": "507700000",
            "researchAndDevelopment": "None",
            "operatingExpenses": "507700000",
            "investmentIncomeNet": "None",
            "netInterestIncome": "-40200000",
            "interestIncome": "None",
            "interestExpense": "40200000",
            "nonInterestIncome": "4756400000",
            "otherNonOperatingIncome": "-27500000",
            "depreciation": "None",
            "depreciationAndAmortization": "132400000",
            "incomeBeforeTax": "250100000",
            "incomeTaxExpense": "56900000",
            "interestAndDebtExpense": "None",
            "netIncomeFromContinuingOperations": "193200000",
            "comprehensiveIncomeNetOfTax": "214100000",
            "ebit": "317800000",
            "ebitda": "422700000",
            "netIncome": "193200000"
        },
        {
            "fiscalDateEnding": "2020-06-30",
            "reportedCurrency": "USD",
            "grossProfit": "747200000",
            "totalRevenue": "4326000000",
            "costOfRevenue": "4082300000",
            "costofGoodsAndServicesSold": "3618500000",
            "operatingIncome": "283400000",
            "sellingGeneralAndAdministrative": "463800000",
            "researchAndDevelopment": "None",
            "operatingExpenses": "463800000",
            "investmentIncomeNet": "None",
            "netInterestIncome": "-39700000",
            "interestIncome": "None",
            "interestExpense": "39700000",
            "nonInterestIncome": "4365700000",
            "otherNonOperatingIncome": "1700000",
            "depreciation": "None",
            "depreciationAndAmortization": "125200000",
            "incomeBeforeTax": "245100000",
            "incomeTaxExpense": "56000000",
            "interestAndDebtExpense": "None",
            "netIncomeFromContinuingOperations": "189100000",
            "comprehensiveIncomeNetOfTax": "196800000",
            "ebit": "283400000",
            "ebitda": "410300000",
            "netIncome": "189100000"
        },
        {
            "fiscalDateEnding": "2020-03-31",
            "reportedCurrency": "USD",
            "grossProfit": "756500000",
            "totalRevenue": "4351300000",
            "costOfRevenue": "4143400000",
            "costofGoodsAndServicesSold": "3632700000",
            "operatingIncome": "245800000",
            "sellingGeneralAndAdministrative": "510700000",
            "researchAndDevelopment": "None",
            "operatingExpenses": "539900000",
            "investmentIncomeNet": "None",
            "netInterestIncome": "-37900000",
            "interestIncome": "37900000",
            "interestExpense": "37900000",
            "nonInterestIncome": "4389200000",
            "otherNonOperatingIncome": "3900000",
            "depreciation": "None",
            "depreciationAndAmortization": "91400000",
            "incomeBeforeTax": "211800000",
            "incomeTaxExpense": "43900000",
            "interestAndDebtExpense": "None",
            "netIncomeFromContinuingOperations": "167900000",
            "comprehensiveIncomeNetOfTax": "126400000",
            "ebit": "245800000",
            "ebitda": "341100000",
            "netIncome": "167900000"
        },
        {
            "fiscalDateEnding": "2019-12-31",
            "reportedCurrency": "USD",
            "grossProfit": "777500000",
            "totalRevenue": "4536900000",
            "costOfRevenue": "4422200000",
            "costofGoodsAndServicesSold": "3759400000",
            "operatingIncome": "283800000",
            "sellingGeneralAndAdministrative": "493700000",
            "researchAndDevelopment": "None",
            "operatingExpenses": "662800000",
            "investmentIncomeNet": "None",
            "netInterestIncome": "-38300000",
            "interestIncome": "38300000",
            "interestExpense": "38300000",
            "nonInterestIncome": "4536900000",
            "otherNonOperatingIncome": "-9500000",
            "depreciation": "None",
            "depreciationAndAmortization": "69600000",
            "incomeBeforeTax": "236000000",
            "incomeTaxExpense": "50400000",
            "interestAndDebtExpense": "None",
            "netIncomeFromContinuingOperations": "283800000",
            "comprehensiveIncomeNetOfTax": "221900000",
            "ebit": "283800000",
            "ebitda": "343900000",
            "netIncome": "185600000"
        },
        {
            "fiscalDateEnding": "2019-09-30",
            "reportedCurrency": "USD",
            "grossProfit": "816500000",
            "totalRevenue": "4865400000",
            "costOfRevenue": "4536100000",
            "costofGoodsAndServicesSold": "4091200000",
            "operatingIncome": "320600000",
            "sellingGeneralAndAdministrative": "495900000",
            "researchAndDevelopment": "None",
            "operatingExpenses": "444900000",
            "investmentIncomeNet": "None",
            "netInterestIncome": "-42300000",
            "interestIncome": "42300000",
            "interestExpense": "42300000",
            "nonInterestIncome": "4907700000",
            "otherNonOperatingIncome": "-17400000",
            "depreciation": "None",
            "depreciationAndAmortization": "68200000",
            "incomeBeforeTax": "260900000",
            "incomeTaxExpense": "59200000",
            "interestAndDebtExpense": "None",
            "netIncomeFromContinuingOperations": "201700000",
            "comprehensiveIncomeNetOfTax": "187000000",
            "ebit": "320600000",
            "ebitda": "371400000",
            "netIncome": "201700000"
        },
        {
            "fiscalDateEnding": "2019-06-30",
            "reportedCurrency": "USD",
            "grossProfit": "773800000",
            "totalRevenue": "4589400000",
            "costOfRevenue": "4276500000",
            "costofGoodsAndServicesSold": "3856100000",
            "operatingIncome": "300300000",
            "sellingGeneralAndAdministrative": "473500000",
            "researchAndDevelopment": "None",
            "operatingExpenses": "420400000",
            "investmentIncomeNet": "None",
            "netInterestIncome": "-40500000",
            "interestIncome": "40500000",
            "interestExpense": "40500000",
            "nonInterestIncome": "4629900000",
            "otherNonOperatingIncome": "1400000",
            "depreciation": "None",
            "depreciationAndAmortization": "65000000",
            "incomeBeforeTax": "261200000",
            "incomeTaxExpense": "64600000",
            "interestAndDebtExpense": "None",
            "netIncomeFromContinuingOperations": "196600000",
            "comprehensiveIncomeNetOfTax": "184700000",
            "ebit": "300300000",
            "ebitda": "366700000",
            "netIncome": "196600000"
        },
        {
            "fiscalDateEnding": "2019-03-31",
            "reportedCurrency": "USD",
            "grossProfit": "672100000",
            "totalRevenue": "3919600000",
            "costOfRevenue": "3689800000",
            "costofGoodsAndServicesSold": "3285800000",
            "operatingIncome": "228900000",
            "sellingGeneralAndAdministrative": "443200000",
            "researchAndDevelopment": "None",
            "operatingExpenses": "404000000",
            "investmentIncomeNet": "None",
            "netInterestIncome": "-38300000",
            "interestIncome": "38300000",
            "interestExpense": "38300000",
            "nonInterestIncome": "3957900000",
            "otherNonOperatingIncome": "1000000",
            "depreciation": "None",
            "depreciationAndAmortization": "64300000",
            "incomeBeforeTax": "191600000",
            "incomeTaxExpense": "38700000",
            "interestAndDebtExpense": "None",
            "netIncomeFromContinuingOperations": "152600000",
            "comprehensiveIncomeNetOfTax": "156000000",
            "ebit": "228900000",
            "ebitda": "294200000",
            "netIncome": "152900000"
        },
        {
            "fiscalDateEnding": "2018-12-31",
            "reportedCurrency": "USD",
            "grossProfit": "693800000",
            "totalRevenue": "4074800000",
            "costOfRevenue": "4006300000",
            "costofGoodsAndServicesSold": "3381000000",
            "operatingIncome": "242900000",
            "sellingGeneralAndAdministrative": "584800000",
            "researchAndDevelopment": "None",
            "operatingExpenses": "625300000",
            "investmentIncomeNet": "None",
            "netInterestIncome": "-37100000",
            "interestIncome": "None",
            "interestExpense": "37100000",
            "nonInterestIncome": "4074800000",
            "otherNonOperatingIncome": "800000",
            "depreciation": "None",
            "depreciationAndAmortization": "66900000",
            "incomeBeforeTax": "206600000",
            "incomeTaxExpense": "47300000",
            "interestAndDebtExpense": "0",
            "netIncomeFromContinuingOperations": "242900000",
            "comprehensiveIncomeNetOfTax": "136900000",
            "ebit": "242900000",
            "ebitda": "310600000",
            "netIncome": "159300000"
        },
        {
            "fiscalDateEnding": "2018-09-30",
            "reportedCurrency": "USD",
            "grossProfit": "713600000",
            "totalRevenue": "4336600000",
            "costOfRevenue": "4050300000",
            "costofGoodsAndServicesSold": "3659600000",
            "operatingIncome": "274800000",
            "sellingGeneralAndAdministrative": "390700000",
            "researchAndDevelopment": "None",
            "operatingExpenses": "390700000",
            "investmentIncomeNet": "None",
            "netInterestIncome": "-36600000",
            "interestIncome": "None",
            "interestExpense": "36600000",
            "nonInterestIncome": "4373200000",
            "otherNonOperatingIncome": "200000",
            "depreciation": "None",
            "depreciationAndAmortization": "65800000",
            "incomeBeforeTax": "238400000",
            "incomeTaxExpense": "54700000",
            "interestAndDebtExpense": "0",
            "netIncomeFromContinuingOperations": "183400000",
            "comprehensiveIncomeNetOfTax": "180600000",
            "ebit": "274800000",
            "ebitda": "340800000",
            "netIncome": "183700000"
        },
        {
            "fiscalDateEnding": "2018-06-30",
            "reportedCurrency": "USD",
            "grossProfit": "695600000",
            "totalRevenue": "4148900000",
            "costOfRevenue": "3871900000",
            "costofGoodsAndServicesSold": "3490500000",
            "operatingIncome": "265500000",
            "sellingGeneralAndAdministrative": "381400000",
            "researchAndDevelopment": "None",
            "operatingExpenses": "381400000",
            "investmentIncomeNet": "None",
            "netInterestIncome": "-37200000",
            "interestIncome": "None",
            "interestExpense": "37200000",
            "nonInterestIncome": "4186100000",
            "otherNonOperatingIncome": "1500000",
            "depreciation": "None",
            "depreciationAndAmortization": "66300000",
            "incomeBeforeTax": "229800000",
            "incomeTaxExpense": "56800000",
            "interestAndDebtExpense": "0",
            "netIncomeFromContinuingOperations": "173000000",
            "comprehensiveIncomeNetOfTax": "146400000",
            "ebit": "265500000",
            "ebitda": "333300000",
            "netIncome": "173000000"
        },
        {
            "fiscalDateEnding": "2018-03-31",
            "reportedCurrency": "USD",
            "grossProfit": "603900000",
            "totalRevenue": "3568700000",
            "costOfRevenue": "3365200000",
            "costofGoodsAndServicesSold": "3002500000",
            "operatingIncome": "204100000",
            "sellingGeneralAndAdministrative": "362700000",
            "researchAndDevelopment": "None",
            "operatingExpenses": "362700000",
            "investmentIncomeNet": "None",
            "netInterestIncome": "-37700000",
            "interestIncome": "None",
            "interestExpense": "37700000",
            "nonInterestIncome": "3606400000",
            "otherNonOperatingIncome": "-700000",
            "depreciation": "None",
            "depreciationAndAmortization": "66600000",
            "incomeBeforeTax": "165700000",
            "incomeTaxExpense": "38700000",
            "interestAndDebtExpense": "0",
            "netIncomeFromContinuingOperations": "126700000",
            "comprehensiveIncomeNetOfTax": "144400000",
            "ebit": "204100000",
            "ebitda": "270000000",
            "netIncome": "127000000"
        }
    ]
}