{
    "symbol": "FFIV",
    "annualReports": [
        {
            "fiscalDateEnding": "2022-09-30",
            "reportedCurrency": "USD",
            "grossProfit": "2156218000",
            "totalRevenue": "2717445000",
            "costOfRevenue": "1791260000",
            "costofGoodsAndServicesSold": "539627000",
            "operatingIncome": "403792000",
            "sellingGeneralAndAdministrative": "1201149000",
            "researchAndDevelopment": "543368000",
            "operatingExpenses": "1752426000",
            "investmentIncomeNet": "None",
            "netInterestIncome": "None",
            "interestIncome": "None",
            "interestExpense": "None",
            "nonInterestIncome": "2695845000",
            "otherNonOperatingIncome": "-18399000",
            "depreciation": "None",
            "depreciationAndAmortization": "36400000",
            "incomeBeforeTax": "385393000",
            "incomeTaxExpense": "63233000",
            "interestAndDebtExpense": "None",
            "netIncomeFromContinuingOperations": "322160000",
            "comprehensiveIncomeNetOfTax": "316057000",
            "ebit": "403792000",
            "ebitda": "440192000",
            "netIncome": "322160000"
        },
        {
            "fiscalDateEnding": "2021-09-30",
            "reportedCurrency": "USD",
            "grossProfit": "2110270000",
            "totalRevenue": "2616416000",
            "costOfRevenue": "1786162000",
            "costofGoodsAndServicesSold": "493146000",
            "operatingIncome": "394025000",
            "sellingGeneralAndAdministrative": "1203618000",
            "researchAndDevelopment": "512627000",
            "operatingExpenses": "1716245000",
            "investmentIncomeNet": "2500000",
            "netInterestIncome": "None",
            "interestIncome": "None",
            "interestExpense": "None",
            "nonInterestIncome": "2603416000",
            "otherNonOperatingIncome": "-7088000",
            "depreciation": "None",
            "depreciationAndAmortization": "48700000",
            "incomeBeforeTax": "386937000",
            "incomeTaxExpense": "55696000",
            "interestAndDebtExpense": "None",
            "netIncomeFromContinuingOperations": "331241000",
            "comprehensiveIncomeNetOfTax": "329884000",
            "ebit": "394025000",
            "ebitda": "442725000",
            "netIncome": "331241000"
        },
        {
            "fiscalDateEnding": "2020-09-30",
            "reportedCurrency": "USD",
            "grossProfit": "1942935000",
            "totalRevenue": "2361022000",
            "costOfRevenue": "1561504000",
            "costofGoodsAndServicesSold": "407887000",
            "operatingIncome": "392267000",
            "sellingGeneralAndAdministrative": "1101544000",
            "researchAndDevelopment": "441324000",
            "operatingExpenses": "1550668000",
            "investmentIncomeNet": "12200000",
            "netInterestIncome": "None",
            "interestIncome": "None",
            "interestExpense": "None",
            "nonInterestIncome": "2350822000",
            "otherNonOperatingIncome": "4130000",
            "depreciation": "None",
            "depreciationAndAmortization": "34600000",
            "incomeBeforeTax": "396397000",
            "incomeTaxExpense": "88956000",
            "interestAndDebtExpense": "None",
            "netIncomeFromContinuingOperations": "307441000",
            "comprehensiveIncomeNetOfTax": "307915000",
            "ebit": "392267000",
            "ebitda": "426867000",
            "netIncome": "307441000"
        },
        {
            "fiscalDateEnding": "2019-09-30",
            "reportedCurrency": "USD",
            "grossProfit": "1885870000",
            "totalRevenue": "2242447000",
            "costOfRevenue": "1327726000",
            "costofGoodsAndServicesSold": "356577000",
            "operatingIncome": "518463000",
            "sellingGeneralAndAdministrative": "959349000",
            "researchAndDevelopment": "408058000",
            "operatingExpenses": "1367407000",
            "investmentIncomeNet": "25300000",
            "netInterestIncome": "None",
            "interestIncome": "33800000",
            "interestExpense": "None",
            "nonInterestIncome": "2242447000",
            "otherNonOperatingIncome": "22648000",
            "depreciation": "None",
            "depreciationAndAmortization": "11800000",
            "incomeBeforeTax": "541111000",
            "incomeTaxExpense": "113377000",
            "interestAndDebtExpense": "None",
            "netIncomeFromContinuingOperations": "427734000",
            "comprehensiveIncomeNetOfTax": "430722000",
            "ebit": "518463000",
            "ebitda": "530263000",
            "netIncome": "427734000"
        },
        {
            "fiscalDateEnding": "2018-09-30",
            "reportedCurrency": "USD",
            "grossProfit": "1799926000",
            "totalRevenue": "2161407000",
            "costOfRevenue": "1215524000",
            "costofGoodsAndServicesSold": "361481000",
            "operatingIncome": "590899000",
            "sellingGeneralAndAdministrative": "824517000",
            "researchAndDevelopment": "366084000",
            "operatingExpenses": "1209027000",
            "investmentIncomeNet": "17000000",
            "netInterestIncome": "None",
            "interestIncome": "17007500",
            "interestExpense": "None",
            "nonInterestIncome": "2161407000",
            "otherNonOperatingIncome": "12861000",
            "depreciation": "45900000",
            "depreciationAndAmortization": "11100000",
            "incomeBeforeTax": "603760000",
            "incomeTaxExpense": "150071000",
            "interestAndDebtExpense": "None",
            "netIncomeFromContinuingOperations": "453689000",
            "comprehensiveIncomeNetOfTax": "449508000",
            "ebit": "590899000",
            "ebitda": "601999000",
            "netIncome": "453689000"
        }
    ],
    "quarterlyReports": [
        {
            "fiscalDateEnding": "2022-12-31",
            "reportedCurrency": "USD",
            "grossProfit": "545371000",
            "totalRevenue": "719478000",
            "costOfRevenue": "466843000",
            "costofGoodsAndServicesSold": "155007000",
            "operatingIncome": "91212000",
            "sellingGeneralAndAdministrative": "303096000",
            "researchAndDevelopment": "142323000",
            "operatingExpenses": "454159000",
            "investmentIncomeNet": "None",
            "netInterestIncome": "None",
            "interestIncome": "None",
            "interestExpense": "None",
            "nonInterestIncome": "700378000",
            "otherNonOperatingIncome": "4702000",
            "depreciation": "None",
            "depreciationAndAmortization": "27472000",
            "incomeBeforeTax": "95914000",
            "incomeTaxExpense": "23512000",
            "interestAndDebtExpense": "None",
            "netIncomeFromContinuingOperations": "72402000",
            "comprehensiveIncomeNetOfTax": "75359000",
            "ebit": "91212000",
            "ebitda": "123386000",
            "netIncome": "72402000"
        },
        {
            "fiscalDateEnding": "2022-09-30",
            "reportedCurrency": "USD",
            "grossProfit": "552571000",
            "totalRevenue": "707333000",
            "costOfRevenue": "490381000",
            "costofGoodsAndServicesSold": "147462000",
            "operatingIncome": "107530000",
            "sellingGeneralAndAdministrative": "306519000",
            "researchAndDevelopment": "138522000",
            "operatingExpenses": "445041000",
            "investmentIncomeNet": "None",
            "netInterestIncome": "None",
            "interestIncome": "None",
            "interestExpense": "None",
            "nonInterestIncome": "700033000",
            "otherNonOperatingIncome": "-7813000",
            "depreciation": "None",
            "depreciationAndAmortization": "27211000",
            "incomeBeforeTax": "99717000",
            "incomeTaxExpense": "10371000",
            "interestAndDebtExpense": "None",
            "netIncomeFromContinuingOperations": "89346000",
            "comprehensiveIncomeNetOfTax": "87796000",
            "ebit": "107530000",
            "ebitda": "126928000",
            "netIncome": "89346000"
        },
        {
            "fiscalDateEnding": "2022-06-30",
            "reportedCurrency": "USD",
            "grossProfit": "543755000",
            "totalRevenue": "674488000",
            "costOfRevenue": "428287000",
            "costofGoodsAndServicesSold": "130733000",
            "operatingIncome": "107464000",
            "sellingGeneralAndAdministrative": "297554000",
            "researchAndDevelopment": "138737000",
            "operatingExpenses": "436291000",
            "investmentIncomeNet": "None",
            "netInterestIncome": "None",
            "interestIncome": "None",
            "interestExpense": "None",
            "nonInterestIncome": "674488000",
            "otherNonOperatingIncome": "-6221000",
            "depreciation": "None",
            "depreciationAndAmortization": "28600000",
            "incomeBeforeTax": "101243000",
            "incomeTaxExpense": "18224000",
            "interestAndDebtExpense": "None",
            "netIncomeFromContinuingOperations": "83019000",
            "comprehensiveIncomeNetOfTax": "81021000",
            "ebit": "107464000",
            "ebitda": "129843000",
            "netIncome": "83019000"
        },
        {
            "fiscalDateEnding": "2022-03-31",
            "reportedCurrency": "USD",
            "grossProfit": "507865000",
            "totalRevenue": "634224000",
            "costOfRevenue": "423739000",
            "costofGoodsAndServicesSold": "126359000",
            "operatingIncome": "74647000",
            "sellingGeneralAndAdministrative": "297380000",
            "researchAndDevelopment": "135838000",
            "operatingExpenses": "433218000",
            "investmentIncomeNet": "None",
            "netInterestIncome": "None",
            "interestIncome": "None",
            "interestExpense": "None",
            "nonInterestIncome": "634224000",
            "otherNonOperatingIncome": "-1934000",
            "depreciation": "None",
            "depreciationAndAmortization": "29538000",
            "incomeBeforeTax": "72713000",
            "incomeTaxExpense": "16477000",
            "interestAndDebtExpense": "None",
            "netIncomeFromContinuingOperations": "56236000",
            "comprehensiveIncomeNetOfTax": "54823000",
            "ebit": "74647000",
            "ebitda": "102251000",
            "netIncome": "56236000"
        },
        {
            "fiscalDateEnding": "2021-12-31",
            "reportedCurrency": "USD",
            "grossProfit": "552027000",
            "totalRevenue": "704600000",
            "costOfRevenue": "448853000",
            "costofGoodsAndServicesSold": "135073000",
            "operatingIncome": "114151000",
            "sellingGeneralAndAdministrative": "299696000",
            "researchAndDevelopment": "130271000",
            "operatingExpenses": "437876000",
            "investmentIncomeNet": "300000",
            "netInterestIncome": "None",
            "interestIncome": "None",
            "interestExpense": "None",
            "nonInterestIncome": "687100000",
            "otherNonOperatingIncome": "-2431000",
            "depreciation": "None",
            "depreciationAndAmortization": "30260000",
            "incomeBeforeTax": "111720000",
            "incomeTaxExpense": "18161000",
            "interestAndDebtExpense": "None",
            "netIncomeFromContinuingOperations": "93559000",
            "comprehensiveIncomeNetOfTax": "92417000",
            "ebit": "114151000",
            "ebitda": "141980000",
            "netIncome": "93559000"
        },
        {
            "fiscalDateEnding": "2021-09-30",
            "reportedCurrency": "USD",
            "grossProfit": "553319000",
            "totalRevenue": "688297000",
            "costOfRevenue": "479633000",
            "costofGoodsAndServicesSold": "128678000",
            "operatingIncome": "126364000",
            "sellingGeneralAndAdministrative": "302255000",
            "researchAndDevelopment": "124700000",
            "operatingExpenses": "426955000",
            "investmentIncomeNet": "400000",
            "netInterestIncome": "None",
            "interestIncome": "None",
            "interestExpense": "None",
            "nonInterestIncome": "681997000",
            "otherNonOperatingIncome": "-2865000",
            "depreciation": "None",
            "depreciationAndAmortization": "30439000",
            "incomeBeforeTax": "123499000",
            "incomeTaxExpense": "12781000",
            "interestAndDebtExpense": "None",
            "netIncomeFromContinuingOperations": "110718000",
            "comprehensiveIncomeNetOfTax": "109580000",
            "ebit": "126364000",
            "ebitda": "153938000",
            "netIncome": "110718000"
        },
        {
            "fiscalDateEnding": "2021-06-30",
            "reportedCurrency": "USD",
            "grossProfit": "530611000",
            "totalRevenue": "651515000",
            "costOfRevenue": "421820000",
            "costofGoodsAndServicesSold": "120904000",
            "operatingIncome": "96412000",
            "sellingGeneralAndAdministrative": "300916000",
            "researchAndDevelopment": "133283000",
            "operatingExpenses": "434199000",
            "investmentIncomeNet": "300000",
            "netInterestIncome": "None",
            "interestIncome": "None",
            "interestExpense": "None",
            "nonInterestIncome": "651515000",
            "otherNonOperatingIncome": "-2163000",
            "depreciation": "None",
            "depreciationAndAmortization": "28800000",
            "incomeBeforeTax": "94249000",
            "incomeTaxExpense": "4645000",
            "interestAndDebtExpense": "None",
            "netIncomeFromContinuingOperations": "89604000",
            "comprehensiveIncomeNetOfTax": "89863000",
            "ebit": "96412000",
            "ebitda": "123049000",
            "netIncome": "89604000"
        },
        {
            "fiscalDateEnding": "2021-03-31",
            "reportedCurrency": "USD",
            "grossProfit": "516702000",
            "totalRevenue": "645287000",
            "costOfRevenue": "485158000",
            "costofGoodsAndServicesSold": "128585000",
            "operatingIncome": "53501000",
            "sellingGeneralAndAdministrative": "322748000",
            "researchAndDevelopment": "140453000",
            "operatingExpenses": "463201000",
            "investmentIncomeNet": "700000",
            "netInterestIncome": "None",
            "interestIncome": "None",
            "interestExpense": "None",
            "nonInterestIncome": "645287000",
            "otherNonOperatingIncome": "-1377000",
            "depreciation": "None",
            "depreciationAndAmortization": "28525000",
            "incomeBeforeTax": "52124000",
            "incomeTaxExpense": "8883000",
            "interestAndDebtExpense": "None",
            "netIncomeFromContinuingOperations": "43241000",
            "comprehensiveIncomeNetOfTax": "41902000",
            "ebit": "53501000",
            "ebitda": "80649000",
            "netIncome": "43241000"
        },
        {
            "fiscalDateEnding": "2020-12-31",
            "reportedCurrency": "USD",
            "grossProfit": "509638000",
            "totalRevenue": "633717000",
            "costOfRevenue": "399551000",
            "costofGoodsAndServicesSold": "114979000",
            "operatingIncome": "117748000",
            "sellingGeneralAndAdministrative": "277699000",
            "researchAndDevelopment": "114191000",
            "operatingExpenses": "391890000",
            "investmentIncomeNet": "1100000",
            "netInterestIncome": "None",
            "interestIncome": "None",
            "interestExpense": "None",
            "nonInterestIncome": "624617000",
            "otherNonOperatingIncome": "-683000",
            "depreciation": "None",
            "depreciationAndAmortization": "27660000",
            "incomeBeforeTax": "117065000",
            "incomeTaxExpense": "29387000",
            "interestAndDebtExpense": "None",
            "netIncomeFromContinuingOperations": "87678000",
            "comprehensiveIncomeNetOfTax": "88539000",
            "ebit": "117748000",
            "ebitda": "144725000",
            "netIncome": "87678000"
        },
        {
            "fiscalDateEnding": "2020-09-30",
            "reportedCurrency": "USD",
            "grossProfit": "502849000",
            "totalRevenue": "614816000",
            "costOfRevenue": "395903000",
            "costofGoodsAndServicesSold": "111967000",
            "operatingIncome": "98613000",
            "sellingGeneralAndAdministrative": "283936000",
            "researchAndDevelopment": "120300000",
            "operatingExpenses": "404236000",
            "investmentIncomeNet": "1100000",
            "netInterestIncome": "None",
            "interestIncome": "None",
            "interestExpense": "None",
            "nonInterestIncome": "614816000",
            "otherNonOperatingIncome": "-1090000",
            "depreciation": "None",
            "depreciationAndAmortization": "26520000",
            "incomeBeforeTax": "97523000",
            "incomeTaxExpense": "19860000",
            "interestAndDebtExpense": "None",
            "netIncomeFromContinuingOperations": "77663000",
            "comprehensiveIncomeNetOfTax": "77663000",
            "ebit": "98613000",
            "ebitda": "124043000",
            "netIncome": "77663000"
        },
        {
            "fiscalDateEnding": "2020-06-30",
            "reportedCurrency": "USD",
            "grossProfit": "477212000",
            "totalRevenue": "583252000",
            "costOfRevenue": "379640000",
            "costofGoodsAndServicesSold": "106040000",
            "operatingIncome": "87621000",
            "sellingGeneralAndAdministrative": "273600000",
            "researchAndDevelopment": "115991000",
            "operatingExpenses": "389591000",
            "investmentIncomeNet": "2200000",
            "netInterestIncome": "None",
            "interestIncome": "None",
            "interestExpense": "None",
            "nonInterestIncome": "583252000",
            "otherNonOperatingIncome": "141000",
            "depreciation": "None",
            "depreciationAndAmortization": "26225000",
            "incomeBeforeTax": "87762000",
            "incomeTaxExpense": "17890000",
            "interestAndDebtExpense": "None",
            "netIncomeFromContinuingOperations": "69872000",
            "comprehensiveIncomeNetOfTax": "74280000",
            "ebit": "87621000",
            "ebitda": "113987000",
            "netIncome": "69872000"
        },
        {
            "fiscalDateEnding": "2020-03-31",
            "reportedCurrency": "USD",
            "grossProfit": "482211000",
            "totalRevenue": "583449000",
            "costOfRevenue": "390723000",
            "costofGoodsAndServicesSold": "101238000",
            "operatingIncome": "83698000",
            "sellingGeneralAndAdministrative": "289485000",
            "researchAndDevelopment": "109028000",
            "operatingExpenses": "398513000",
            "investmentIncomeNet": "3300000",
            "netInterestIncome": "None",
            "interestIncome": "None",
            "interestExpense": "None",
            "nonInterestIncome": "583449000",
            "otherNonOperatingIncome": "-141000",
            "depreciation": "None",
            "depreciationAndAmortization": "24133000",
            "incomeBeforeTax": "83557000",
            "incomeTaxExpense": "22178000",
            "interestAndDebtExpense": "None",
            "netIncomeFromContinuingOperations": "61379000",
            "comprehensiveIncomeNetOfTax": "56852000",
            "ebit": "83698000",
            "ebitda": "107690000",
            "netIncome": "61379000"
        },
        {
            "fiscalDateEnding": "2019-12-31",
            "reportedCurrency": "USD",
            "grossProfit": "480663000",
            "totalRevenue": "574905000",
            "costOfRevenue": "350965000",
            "costofGoodsAndServicesSold": "88642000",
            "operatingIncome": "122335000",
            "sellingGeneralAndAdministrative": "254523000",
            "researchAndDevelopment": "96005000",
            "operatingExpenses": "358328000",
            "investmentIncomeNet": "5600000",
            "netInterestIncome": "None",
            "interestIncome": "None",
            "interestExpense": "None",
            "nonInterestIncome": "569305000",
            "otherNonOperatingIncome": "5220000",
            "depreciation": "None",
            "depreciationAndAmortization": "18979000",
            "incomeBeforeTax": "127555000",
            "incomeTaxExpense": "29028000",
            "interestAndDebtExpense": "None",
            "netIncomeFromContinuingOperations": "98527000",
            "comprehensiveIncomeNetOfTax": "99341000",
            "ebit": "122335000",
            "ebitda": "146534000",
            "netIncome": "98527000"
        },
        {
            "fiscalDateEnding": "2019-09-30",
            "reportedCurrency": "USD",
            "grossProfit": "499470000",
            "totalRevenue": "590388000",
            "costOfRevenue": "372862000",
            "costofGoodsAndServicesSold": "90918000",
            "operatingIncome": "114714000",
            "sellingGeneralAndAdministrative": "281944000",
            "researchAndDevelopment": "102812000",
            "operatingExpenses": "384756000",
            "investmentIncomeNet": "5100000",
            "netInterestIncome": "None",
            "interestIncome": "None",
            "interestExpense": "None",
            "nonInterestIncome": "590388000",
            "otherNonOperatingIncome": "3397000",
            "depreciation": "None",
            "depreciationAndAmortization": "21862000",
            "incomeBeforeTax": "118111000",
            "incomeTaxExpense": "23274000",
            "interestAndDebtExpense": "None",
            "netIncomeFromContinuingOperations": "94837000",
            "comprehensiveIncomeNetOfTax": "94837000",
            "ebit": "114714000",
            "ebitda": "139973000",
            "netIncome": "94837000"
        },
        {
            "fiscalDateEnding": "2019-06-30",
            "reportedCurrency": "USD",
            "grossProfit": "472627000",
            "totalRevenue": "563394000",
            "costOfRevenue": "343760000",
            "costofGoodsAndServicesSold": "90767000",
            "operatingIncome": "102740000",
            "sellingGeneralAndAdministrative": "252993000",
            "researchAndDevelopment": "116894000",
            "operatingExpenses": "369887000",
            "investmentIncomeNet": "5800000",
            "netInterestIncome": "None",
            "interestIncome": "None",
            "interestExpense": "None",
            "nonInterestIncome": "563394000",
            "otherNonOperatingIncome": "4722000",
            "depreciation": "None",
            "depreciationAndAmortization": "18399000",
            "incomeBeforeTax": "107462000",
            "incomeTaxExpense": "21557000",
            "interestAndDebtExpense": "None",
            "netIncomeFromContinuingOperations": "85905000",
            "comprehensiveIncomeNetOfTax": "87053000",
            "ebit": "102740000",
            "ebitda": "125861000",
            "netIncome": "85905000"
        },
        {
            "fiscalDateEnding": "2019-03-31",
            "reportedCurrency": "USD",
            "grossProfit": "456717000",
            "totalRevenue": "544895000",
            "costOfRevenue": "305788000",
            "costofGoodsAndServicesSold": "88178000",
            "operatingIncome": "142793000",
            "sellingGeneralAndAdministrative": "217610000",
            "researchAndDevelopment": "96314000",
            "operatingExpenses": "313924000",
            "investmentIncomeNet": "7500000",
            "netInterestIncome": "None",
            "interestIncome": "None",
            "interestExpense": "None",
            "nonInterestIncome": "544895000",
            "otherNonOperatingIncome": "7434000",
            "depreciation": "None",
            "depreciationAndAmortization": "14245000",
            "incomeBeforeTax": "150227000",
            "incomeTaxExpense": "34140000",
            "interestAndDebtExpense": "None",
            "netIncomeFromContinuingOperations": "116087000",
            "comprehensiveIncomeNetOfTax": "118739000",
            "ebit": "142793000",
            "ebitda": "164472000",
            "netIncome": "116087000"
        },
        {
            "fiscalDateEnding": "2018-12-31",
            "reportedCurrency": "USD",
            "grossProfit": "457056000",
            "totalRevenue": "543770000",
            "costOfRevenue": "293516000",
            "costofGoodsAndServicesSold": "86714000",
            "operatingIncome": "158216000",
            "sellingGeneralAndAdministrative": "206802000",
            "researchAndDevelopment": "92038000",
            "operatingExpenses": "298840000",
            "investmentIncomeNet": "7000000",
            "netInterestIncome": "None",
            "interestIncome": "None",
            "interestExpense": "None",
            "nonInterestIncome": "543770000",
            "otherNonOperatingIncome": "7095000",
            "depreciation": "None",
            "depreciationAndAmortization": "14001000",
            "incomeBeforeTax": "165311000",
            "incomeTaxExpense": "34406000",
            "interestAndDebtExpense": "None",
            "netIncomeFromContinuingOperations": "130905000",
            "comprehensiveIncomeNetOfTax": "131090000",
            "ebit": "158216000",
            "ebitda": "179312000",
            "netIncome": "130905000"
        },
        {
            "fiscalDateEnding": "2018-09-30",
            "reportedCurrency": "USD",
            "grossProfit": "469269000",
            "totalRevenue": "562709000",
            "costOfRevenue": "314039000",
            "costofGoodsAndServicesSold": "93440000",
            "operatingIncome": "153592000",
            "sellingGeneralAndAdministrative": "202173000",
            "researchAndDevelopment": "95078000",
            "operatingExpenses": "315677000",
            "investmentIncomeNet": "None",
            "netInterestIncome": "None",
            "interestIncome": "None",
            "interestExpense": "None",
            "nonInterestIncome": "562709000",
            "otherNonOperatingIncome": "5667000",
            "depreciation": "None",
            "depreciationAndAmortization": "15410000",
            "incomeBeforeTax": "159259000",
            "incomeTaxExpense": "26378000",
            "interestAndDebtExpense": "None",
            "netIncomeFromContinuingOperations": "132881000",
            "comprehensiveIncomeNetOfTax": "132881000",
            "ebit": "153592000",
            "ebitda": "174669000",
            "netIncome": "132881000"
        },
        {
            "fiscalDateEnding": "2018-06-30",
            "reportedCurrency": "USD",
            "grossProfit": "451194000",
            "totalRevenue": "542203000",
            "costOfRevenue": "296189000",
            "costofGoodsAndServicesSold": "91009000",
            "operatingIncome": "151953000",
            "sellingGeneralAndAdministrative": "205180000",
            "researchAndDevelopment": "94061000",
            "operatingExpenses": "299241000",
            "investmentIncomeNet": "None",
            "netInterestIncome": "None",
            "interestIncome": "None",
            "interestExpense": "None",
            "nonInterestIncome": "542203000",
            "otherNonOperatingIncome": "2259000",
            "depreciation": "None",
            "depreciationAndAmortization": "14032000",
            "incomeBeforeTax": "154212000",
            "incomeTaxExpense": "31469000",
            "interestAndDebtExpense": "None",
            "netIncomeFromContinuingOperations": "122743000",
            "comprehensiveIncomeNetOfTax": "121739000",
            "ebit": "151953000",
            "ebitda": "168244000",
            "netIncome": "122743000"
        },
        {
            "fiscalDateEnding": "2018-03-31",
            "reportedCurrency": "USD",
            "grossProfit": "443659000",
            "totalRevenue": "533304000",
            "costOfRevenue": "298891000",
            "costofGoodsAndServicesSold": "89645000",
            "operatingIncome": "143357000",
            "sellingGeneralAndAdministrative": "209246000",
            "researchAndDevelopment": "91056000",
            "operatingExpenses": "300302000",
            "investmentIncomeNet": "None",
            "netInterestIncome": "None",
            "interestIncome": "None",
            "interestExpense": "None",
            "nonInterestIncome": "533304000",
            "otherNonOperatingIncome": "2790000",
            "depreciation": "None",
            "depreciationAndAmortization": "14869000",
            "incomeBeforeTax": "146147000",
            "incomeTaxExpense": "36511000",
            "interestAndDebtExpense": "None",
            "netIncomeFromContinuingOperations": "109636000",
            "comprehensiveIncomeNetOfTax": "108134000",
            "ebit": "143357000",
            "ebitda": "161016000",
            "netIncome": "109636000"
        }
    ]
}