{
    "symbol": "GL",
    "annualReports": [
        {
            "fiscalDateEnding": "2022-12-31",
            "reportedCurrency": "USD",
            "grossProfit": "982859000",
            "totalRevenue": "5214906000",
            "costOfRevenue": "4232047000",
            "costofGoodsAndServicesSold": "None",
            "operatingIncome": "990666000",
            "sellingGeneralAndAdministrative": "307516000",
            "researchAndDevelopment": "None",
            "operatingExpenses": "661470000",
            "investmentIncomeNet": "-22083000",
            "netInterestIncome": "-90395000",
            "interestIncome": "90395000",
            "interestExpense": "90395000",
            "nonInterestIncome": "4270157000",
            "otherNonOperatingIncome": "None",
            "depreciation": "21000000",
            "depreciationAndAmortization": "None",
            "incomeBeforeTax": "906311000",
            "incomeTaxExpense": "166607000",
            "interestAndDebtExpense": "90395000",
            "netIncomeFromContinuingOperations": "739704000",
            "comprehensiveIncomeNetOfTax": "-3353593000",
            "ebit": "996706000",
            "ebitda": "996706000",
            "netIncome": "739704000"
        },
        {
            "fiscalDateEnding": "2021-12-31",
            "reportedCurrency": "USD",
            "grossProfit": "853071000",
            "totalRevenue": "5112869000",
            "costOfRevenue": "4259798000",
            "costofGoodsAndServicesSold": "None",
            "operatingIncome": "864969000",
            "sellingGeneralAndAdministrative": "282029000",
            "researchAndDevelopment": "None",
            "operatingExpenses": "604058000",
            "investmentIncomeNet": "-21154000",
            "netInterestIncome": "-83486000",
            "interestIncome": "83486000",
            "interestExpense": "83486000",
            "nonInterestIncome": "4090573000",
            "otherNonOperatingIncome": "None",
            "depreciation": "20000000",
            "depreciationAndAmortization": "None",
            "incomeBeforeTax": "912390000",
            "incomeTaxExpense": "167431000",
            "interestAndDebtExpense": "92800000",
            "netIncomeFromContinuingOperations": "744959000",
            "comprehensiveIncomeNetOfTax": "393298000",
            "ebit": "995876000",
            "ebitda": "995876000",
            "netIncome": "744959000"
        },
        {
            "fiscalDateEnding": "2020-12-31",
            "reportedCurrency": "USD",
            "grossProfit": "901055000",
            "totalRevenue": "4737921000",
            "costOfRevenue": "3836866000",
            "costofGoodsAndServicesSold": "None",
            "operatingIncome": "905363000",
            "sellingGeneralAndAdministrative": "254932000",
            "researchAndDevelopment": "None",
            "operatingExpenses": "555970000",
            "investmentIncomeNet": "-17832000",
            "netInterestIncome": "-86704000",
            "interestIncome": "86704000",
            "interestExpense": "86704000",
            "nonInterestIncome": "3813271000",
            "otherNonOperatingIncome": "None",
            "depreciation": "17000000",
            "depreciationAndAmortization": "None",
            "incomeBeforeTax": "896684000",
            "incomeTaxExpense": "164911000",
            "interestAndDebtExpense": "87338000",
            "netIncomeFromContinuingOperations": "731773000",
            "comprehensiveIncomeNetOfTax": "1916187000",
            "ebit": "983388000",
            "ebitda": "983388000",
            "netIncome": "731773000"
        },
        {
            "fiscalDateEnding": "2019-12-31",
            "reportedCurrency": "USD",
            "grossProfit": "910658000",
            "totalRevenue": "4527532000",
            "costOfRevenue": "3616874000",
            "costofGoodsAndServicesSold": "3207122000",
            "operatingIncome": "920059000",
            "sellingGeneralAndAdministrative": "249079000",
            "researchAndDevelopment": "None",
            "operatingExpenses": "553904000",
            "investmentIncomeNet": "-16045000",
            "netInterestIncome": "-84306000",
            "interestIncome": "84306000",
            "interestExpense": "84306000",
            "nonInterestIncome": "3595134000",
            "otherNonOperatingIncome": "None",
            "depreciation": "16000000",
            "depreciationAndAmortization": "None",
            "incomeBeforeTax": "931187000",
            "incomeTaxExpense": "170397000",
            "interestAndDebtExpense": "84306000",
            "netIncomeFromContinuingOperations": "760882000",
            "comprehensiveIncomeNetOfTax": "2286145000",
            "ebit": "1015493000",
            "ebitda": "1015493000",
            "netIncome": "760790000"
        },
        {
            "fiscalDateEnding": "2018-12-31",
            "reportedCurrency": "USD",
            "grossProfit": "865475000",
            "totalRevenue": "4303751000",
            "costOfRevenue": "3438276000",
            "costofGoodsAndServicesSold": "3070419000",
            "operatingIncome": "870643000",
            "sellingGeneralAndAdministrative": "227531000",
            "researchAndDevelopment": "None",
            "operatingExpenses": "507116000",
            "investmentIncomeNet": "-15637000",
            "netInterestIncome": "-90076000",
            "interestIncome": "90076000",
            "interestExpense": "90076000",
            "nonInterestIncome": "3409024000",
            "otherNonOperatingIncome": "None",
            "depreciation": "13000000",
            "depreciationAndAmortization": "None",
            "incomeBeforeTax": "863627000",
            "incomeTaxExpense": "162161000",
            "interestAndDebtExpense": "101154000",
            "netIncomeFromContinuingOperations": "701510000",
            "comprehensiveIncomeNetOfTax": "-403333000",
            "ebit": "953703000",
            "ebitda": "953703000",
            "netIncome": "701466000"
        }
    ],
    "quarterlyReports": [
        {
            "fiscalDateEnding": "2022-12-31",
            "reportedCurrency": "USD",
            "grossProfit": "267420000",
            "totalRevenue": "1322669000",
            "costOfRevenue": "1055249000",
            "costofGoodsAndServicesSold": "None",
            "operatingIncome": "269082000",
            "sellingGeneralAndAdministrative": "79690000",
            "researchAndDevelopment": "None",
            "operatingExpenses": "171494000",
            "investmentIncomeNet": "-5308000",
            "netInterestIncome": "-24658000",
            "interestIncome": "24658000",
            "interestExpense": "24658000",
            "nonInterestIncome": "1075165000",
            "otherNonOperatingIncome": "None",
            "depreciation": "None",
            "depreciationAndAmortization": "None",
            "incomeBeforeTax": "257717000",
            "incomeTaxExpense": "46157000",
            "interestAndDebtExpense": "24658000",
            "netIncomeFromContinuingOperations": "211560000",
            "comprehensiveIncomeNetOfTax": "607395000",
            "ebit": "282375000",
            "ebitda": "282375000",
            "netIncome": "211560000"
        },
        {
            "fiscalDateEnding": "2022-09-30",
            "reportedCurrency": "USD",
            "grossProfit": "259138000",
            "totalRevenue": "1291273000",
            "costOfRevenue": "1032135000",
            "costofGoodsAndServicesSold": "None",
            "operatingIncome": "260554000",
            "sellingGeneralAndAdministrative": "76464000",
            "researchAndDevelopment": "None",
            "operatingExpenses": "164604000",
            "investmentIncomeNet": "-5666000",
            "netInterestIncome": "-23965000",
            "interestIncome": "23965000",
            "interestExpense": "23965000",
            "nonInterestIncome": "1062149000",
            "otherNonOperatingIncome": "None",
            "depreciation": "None",
            "depreciationAndAmortization": "None",
            "incomeBeforeTax": "229983000",
            "incomeTaxExpense": "43204000",
            "interestAndDebtExpense": "23965000",
            "netIncomeFromContinuingOperations": "186779000",
            "comprehensiveIncomeNetOfTax": "-893277000",
            "ebit": "253948000",
            "ebitda": "312794000",
            "netIncome": "186779000"
        },
        {
            "fiscalDateEnding": "2022-06-30",
            "reportedCurrency": "USD",
            "grossProfit": "247442000",
            "totalRevenue": "1292608000",
            "costOfRevenue": "1045166000",
            "costofGoodsAndServicesSold": "None",
            "operatingIncome": "252059000",
            "sellingGeneralAndAdministrative": "78685000",
            "researchAndDevelopment": "None",
            "operatingExpenses": "168343000",
            "investmentIncomeNet": "-5516000",
            "netInterestIncome": "-21828000",
            "interestIncome": "21828000",
            "interestExpense": "21828000",
            "nonInterestIncome": "1079113000",
            "otherNonOperatingIncome": "None",
            "depreciation": "None",
            "depreciationAndAmortization": "None",
            "incomeBeforeTax": "216996000",
            "incomeTaxExpense": "39992000",
            "interestAndDebtExpense": "21828000",
            "netIncomeFromContinuingOperations": "177004000",
            "comprehensiveIncomeNetOfTax": "-1423984000",
            "ebit": "238824000",
            "ebitda": "238824000",
            "netIncome": "177004000"
        },
        {
            "fiscalDateEnding": "2022-03-31",
            "reportedCurrency": "USD",
            "grossProfit": "208859000",
            "totalRevenue": "1308356000",
            "costOfRevenue": "1099497000",
            "costofGoodsAndServicesSold": "None",
            "operatingIncome": "208971000",
            "sellingGeneralAndAdministrative": "72677000",
            "researchAndDevelopment": "None",
            "operatingExpenses": "157029000",
            "investmentIncomeNet": "-5593000",
            "netInterestIncome": "-19944000",
            "interestIncome": "19944000",
            "interestExpense": "19944000",
            "nonInterestIncome": "1071602000",
            "otherNonOperatingIncome": "None",
            "depreciation": "None",
            "depreciationAndAmortization": "None",
            "incomeBeforeTax": "201615000",
            "incomeTaxExpense": "37254000",
            "interestAndDebtExpense": "19944000",
            "netIncomeFromContinuingOperations": "164361000",
            "comprehensiveIncomeNetOfTax": "-1643727000",
            "ebit": "221559000",
            "ebitda": "221559000",
            "netIncome": "164361000"
        },
        {
            "fiscalDateEnding": "2021-12-31",
            "reportedCurrency": "USD",
            "grossProfit": "205525000",
            "totalRevenue": "1297360000",
            "costOfRevenue": "1091835000",
            "costofGoodsAndServicesSold": "None",
            "operatingIncome": "209937000",
            "sellingGeneralAndAdministrative": "75225000",
            "researchAndDevelopment": "None",
            "operatingExpenses": "156504000",
            "investmentIncomeNet": "-5553000",
            "netInterestIncome": "-19653000",
            "interestIncome": "19653000",
            "interestExpense": "19653000",
            "nonInterestIncome": "1045771000",
            "otherNonOperatingIncome": "None",
            "depreciation": "None",
            "depreciationAndAmortization": "None",
            "incomeBeforeTax": "217558000",
            "incomeTaxExpense": "39605000",
            "interestAndDebtExpense": "19653000",
            "netIncomeFromContinuingOperations": "177953000",
            "comprehensiveIncomeNetOfTax": "193917000",
            "ebit": "237211000",
            "ebitda": "237211000",
            "netIncome": "177953000"
        },
        {
            "fiscalDateEnding": "2021-09-30",
            "reportedCurrency": "USD",
            "grossProfit": "220320000",
            "totalRevenue": "1277838000",
            "costOfRevenue": "1057518000",
            "costofGoodsAndServicesSold": "None",
            "operatingIncome": "222717000",
            "sellingGeneralAndAdministrative": "68036000",
            "researchAndDevelopment": "None",
            "operatingExpenses": "148421000",
            "investmentIncomeNet": "-5088000",
            "netInterestIncome": "-20886000",
            "interestIncome": "20886000",
            "interestExpense": "20886000",
            "nonInterestIncome": "1018753000",
            "otherNonOperatingIncome": "None",
            "depreciation": "None",
            "depreciationAndAmortization": "151.59",
            "incomeBeforeTax": "230795000",
            "incomeTaxExpense": "41924000",
            "interestAndDebtExpense": "30200000",
            "netIncomeFromContinuingOperations": "188871000",
            "comprehensiveIncomeNetOfTax": "100211000",
            "ebit": "251681000",
            "ebitda": "251681000",
            "netIncome": "188871000"
        },
        {
            "fiscalDateEnding": "2021-06-30",
            "reportedCurrency": "USD",
            "grossProfit": "236584000",
            "totalRevenue": "1271111000",
            "costOfRevenue": "1034527000",
            "costofGoodsAndServicesSold": "None",
            "operatingIncome": "236845000",
            "sellingGeneralAndAdministrative": "67764000",
            "researchAndDevelopment": "None",
            "operatingExpenses": "146919000",
            "investmentIncomeNet": "-5180000",
            "netInterestIncome": "-21769000",
            "interestIncome": "21769000",
            "interestExpense": "21769000",
            "nonInterestIncome": "1023756000",
            "otherNonOperatingIncome": "None",
            "depreciation": "None",
            "depreciationAndAmortization": "None",
            "incomeBeforeTax": "245243000",
            "incomeTaxExpense": "45625000",
            "interestAndDebtExpense": "21769000",
            "netIncomeFromContinuingOperations": "199618000",
            "comprehensiveIncomeNetOfTax": "925382000",
            "ebit": "267012000",
            "ebitda": "267012000",
            "netIncome": "199618000"
        },
        {
            "fiscalDateEnding": "2021-03-31",
            "reportedCurrency": "USD",
            "grossProfit": "190642000",
            "totalRevenue": "1266560000",
            "costOfRevenue": "1075918000",
            "costofGoodsAndServicesSold": "None",
            "operatingIncome": "195470000",
            "sellingGeneralAndAdministrative": "71004000",
            "researchAndDevelopment": "None",
            "operatingExpenses": "152214000",
            "investmentIncomeNet": "-5333000",
            "netInterestIncome": "-21178000",
            "interestIncome": "21178000",
            "interestExpense": "21178000",
            "nonInterestIncome": "1002293000",
            "otherNonOperatingIncome": "None",
            "depreciation": "None",
            "depreciationAndAmortization": "None",
            "incomeBeforeTax": "218794000",
            "incomeTaxExpense": "40277000",
            "interestAndDebtExpense": "21178000",
            "netIncomeFromContinuingOperations": "178517000",
            "comprehensiveIncomeNetOfTax": "-826212000",
            "ebit": "239972000",
            "ebitda": "239972000",
            "netIncome": "178517000"
        },
        {
            "fiscalDateEnding": "2020-12-31",
            "reportedCurrency": "USD",
            "grossProfit": "224969000",
            "totalRevenue": "1228941000",
            "costOfRevenue": "1003972000",
            "costofGoodsAndServicesSold": "None",
            "operatingIncome": "224969000",
            "sellingGeneralAndAdministrative": "62753000",
            "researchAndDevelopment": "None",
            "operatingExpenses": "137098000",
            "investmentIncomeNet": "-4445000",
            "netInterestIncome": "-21409000",
            "interestIncome": "21409000",
            "interestExpense": "21409000",
            "nonInterestIncome": "968551000",
            "otherNonOperatingIncome": "None",
            "depreciation": "None",
            "depreciationAndAmortization": "-140843000",
            "incomeBeforeTax": "249984000",
            "incomeTaxExpense": "45744000",
            "interestAndDebtExpense": "21409000",
            "netIncomeFromContinuingOperations": "204240000",
            "comprehensiveIncomeNetOfTax": "682865000",
            "ebit": "271393000",
            "ebitda": "271393000",
            "netIncome": "204240000"
        },
        {
            "fiscalDateEnding": "2020-09-30",
            "reportedCurrency": "USD",
            "grossProfit": "230037000",
            "totalRevenue": "1195042000",
            "costOfRevenue": "965005000",
            "costofGoodsAndServicesSold": "None",
            "operatingIncome": "231070000",
            "sellingGeneralAndAdministrative": "63718000",
            "researchAndDevelopment": "None",
            "operatingExpenses": "139115000",
            "investmentIncomeNet": "-4722000",
            "netInterestIncome": "-21674000",
            "interestIncome": "21674000",
            "interestExpense": "21674000",
            "nonInterestIncome": "961183000",
            "otherNonOperatingIncome": "None",
            "depreciation": "None",
            "depreciationAndAmortization": "140.84",
            "incomeBeforeTax": "231538000",
            "incomeTaxExpense": "42593000",
            "interestAndDebtExpense": "22308000",
            "netIncomeFromContinuingOperations": "188945000",
            "comprehensiveIncomeNetOfTax": "507671000",
            "ebit": "253212000",
            "ebitda": "253212000",
            "netIncome": "188945000"
        },
        {
            "fiscalDateEnding": "2020-06-30",
            "reportedCurrency": "USD",
            "grossProfit": "217031000",
            "totalRevenue": "1180884000",
            "costOfRevenue": "963853000",
            "costofGoodsAndServicesSold": "None",
            "operatingIncome": "217031000",
            "sellingGeneralAndAdministrative": "61566000",
            "researchAndDevelopment": "None",
            "operatingExpenses": "134280000",
            "investmentIncomeNet": "-4481000",
            "netInterestIncome": "-22813000",
            "interestIncome": "22813000",
            "interestExpense": "22813000",
            "nonInterestIncome": "953702000",
            "otherNonOperatingIncome": "None",
            "depreciation": "None",
            "depreciationAndAmortization": "None",
            "incomeBeforeTax": "212241000",
            "incomeTaxExpense": "39193000",
            "interestAndDebtExpense": "22813000",
            "netIncomeFromContinuingOperations": "173048000",
            "comprehensiveIncomeNetOfTax": "1338694000",
            "ebit": "235054000",
            "ebitda": "235054000",
            "netIncome": "173048000"
        },
        {
            "fiscalDateEnding": "2020-03-31",
            "reportedCurrency": "USD",
            "grossProfit": "229018000",
            "totalRevenue": "1133054000",
            "costOfRevenue": "904036000",
            "costofGoodsAndServicesSold": "None",
            "operatingIncome": "232293000",
            "sellingGeneralAndAdministrative": "66895000",
            "researchAndDevelopment": "None",
            "operatingExpenses": "145477000",
            "investmentIncomeNet": "-4184000",
            "netInterestIncome": "-20808000",
            "interestIncome": "20808000",
            "interestExpense": "20808000",
            "nonInterestIncome": "929835000",
            "otherNonOperatingIncome": "None",
            "depreciation": "None",
            "depreciationAndAmortization": "None",
            "incomeBeforeTax": "202921000",
            "incomeTaxExpense": "37381000",
            "interestAndDebtExpense": "20808000",
            "netIncomeFromContinuingOperations": "165540000",
            "comprehensiveIncomeNetOfTax": "-613043000",
            "ebit": "223729000",
            "ebitda": "223729000",
            "netIncome": "165540000"
        },
        {
            "fiscalDateEnding": "2019-12-31",
            "reportedCurrency": "USD",
            "grossProfit": "224893000",
            "totalRevenue": "1136576000",
            "costOfRevenue": "911683000",
            "costofGoodsAndServicesSold": "810573000",
            "operatingIncome": "228394000",
            "sellingGeneralAndAdministrative": "64002000",
            "researchAndDevelopment": "None",
            "operatingExpenses": "142415000",
            "investmentIncomeNet": "-4268000",
            "netInterestIncome": "-20502000",
            "interestIncome": "20502000",
            "interestExpense": "20502000",
            "nonInterestIncome": "906684000",
            "otherNonOperatingIncome": "None",
            "depreciation": "None",
            "depreciationAndAmortization": "None",
            "incomeBeforeTax": "227088000",
            "incomeTaxExpense": "40027000",
            "interestAndDebtExpense": "20502000",
            "netIncomeFromContinuingOperations": "187061000",
            "comprehensiveIncomeNetOfTax": "88767000",
            "ebit": "247590000",
            "ebitda": "247590000",
            "netIncome": "187061000"
        },
        {
            "fiscalDateEnding": "2019-09-30",
            "reportedCurrency": "USD",
            "grossProfit": "235387000",
            "totalRevenue": "1141279000",
            "costOfRevenue": "905892000",
            "costofGoodsAndServicesSold": "798280000",
            "operatingIncome": "235387000",
            "sellingGeneralAndAdministrative": "60570000",
            "researchAndDevelopment": "None",
            "operatingExpenses": "135145000",
            "investmentIncomeNet": "-3827000",
            "netInterestIncome": "-21094000",
            "interestIncome": "21094000",
            "interestExpense": "21094000",
            "nonInterestIncome": "911936000",
            "otherNonOperatingIncome": "None",
            "depreciation": "None",
            "depreciationAndAmortization": "None",
            "incomeBeforeTax": "247330000",
            "incomeTaxExpense": "45512000",
            "interestAndDebtExpense": "21094000",
            "netIncomeFromContinuingOperations": "201818000",
            "comprehensiveIncomeNetOfTax": "705692000",
            "ebit": "268424000",
            "ebitda": "268424000",
            "netIncome": "201818000"
        },
        {
            "fiscalDateEnding": "2019-06-30",
            "reportedCurrency": "USD",
            "grossProfit": "223606000",
            "totalRevenue": "1130461000",
            "costOfRevenue": "906855000",
            "costofGoodsAndServicesSold": "801225000",
            "operatingIncome": "229106000",
            "sellingGeneralAndAdministrative": "64916000",
            "researchAndDevelopment": "None",
            "operatingExpenses": "143960000",
            "investmentIncomeNet": "-4017000",
            "netInterestIncome": "-21432000",
            "interestIncome": "21432000",
            "interestExpense": "21432000",
            "nonInterestIncome": "902638000",
            "otherNonOperatingIncome": "None",
            "depreciation": "None",
            "depreciationAndAmortization": "None",
            "incomeBeforeTax": "228717000",
            "incomeTaxExpense": "42151000",
            "interestAndDebtExpense": "21432000",
            "netIncomeFromContinuingOperations": "186609000",
            "comprehensiveIncomeNetOfTax": "755749000",
            "ebit": "250149000",
            "ebitda": "250149000",
            "netIncome": "186566000"
        },
        {
            "fiscalDateEnding": "2019-03-31",
            "reportedCurrency": "USD",
            "grossProfit": "226772000",
            "totalRevenue": "1119216000",
            "costOfRevenue": "892444000",
            "costofGoodsAndServicesSold": "797044000",
            "operatingIncome": "227172000",
            "sellingGeneralAndAdministrative": "59591000",
            "researchAndDevelopment": "None",
            "operatingExpenses": "132384000",
            "investmentIncomeNet": "-3933000",
            "netInterestIncome": "-21278000",
            "interestIncome": "None",
            "interestExpense": "21278000",
            "nonInterestIncome": "892302000",
            "otherNonOperatingIncome": "None",
            "depreciation": "None",
            "depreciationAndAmortization": "None",
            "incomeBeforeTax": "228052000",
            "incomeTaxExpense": "42707000",
            "interestAndDebtExpense": "21278000",
            "netIncomeFromContinuingOperations": "185394000",
            "comprehensiveIncomeNetOfTax": "735937000",
            "ebit": "249330000",
            "ebitda": "249330000",
            "netIncome": "185345000"
        },
        {
            "fiscalDateEnding": "2018-12-31",
            "reportedCurrency": "USD",
            "grossProfit": "220235000",
            "totalRevenue": "1064737000",
            "costOfRevenue": "844502000",
            "costofGoodsAndServicesSold": "767410000",
            "operatingIncome": "220235000",
            "sellingGeneralAndAdministrative": "57381000",
            "researchAndDevelopment": "None",
            "operatingExpenses": "127463000",
            "investmentIncomeNet": "-3816000",
            "netInterestIncome": "-23610000",
            "interestIncome": "None",
            "interestExpense": "23610000",
            "nonInterestIncome": "857071000",
            "otherNonOperatingIncome": "None",
            "depreciation": "None",
            "depreciationAndAmortization": "None",
            "incomeBeforeTax": "203646000",
            "incomeTaxExpense": "38929000",
            "interestAndDebtExpense": "34688000",
            "netIncomeFromContinuingOperations": "164706000",
            "comprehensiveIncomeNetOfTax": "6568000",
            "ebit": "227256000",
            "ebitda": "227256000",
            "netIncome": "164717000"
        },
        {
            "fiscalDateEnding": "2018-09-30",
            "reportedCurrency": "USD",
            "grossProfit": "219298000",
            "totalRevenue": "1083802000",
            "costOfRevenue": "864504000",
            "costofGoodsAndServicesSold": "766980000",
            "operatingIncome": "224466000",
            "sellingGeneralAndAdministrative": "59402000",
            "researchAndDevelopment": "None",
            "operatingExpenses": "133461000",
            "investmentIncomeNet": "-3963000",
            "netInterestIncome": "-22433000",
            "interestIncome": "None",
            "interestExpense": "22433000",
            "nonInterestIncome": "861782000",
            "otherNonOperatingIncome": "None",
            "depreciation": "None",
            "depreciationAndAmortization": "None",
            "incomeBeforeTax": "220354000",
            "incomeTaxExpense": "41630000",
            "interestAndDebtExpense": "22433000",
            "netIncomeFromContinuingOperations": "178700000",
            "comprehensiveIncomeNetOfTax": "52849000",
            "ebit": "242787000",
            "ebitda": "242787000",
            "netIncome": "178724000"
        },
        {
            "fiscalDateEnding": "2018-06-30",
            "reportedCurrency": "USD",
            "grossProfit": "215051000",
            "totalRevenue": "1084776000",
            "costOfRevenue": "869725000",
            "costofGoodsAndServicesSold": "None",
            "operatingIncome": "215051000",
            "sellingGeneralAndAdministrative": "55276000",
            "researchAndDevelopment": "None",
            "operatingExpenses": "123896000",
            "investmentIncomeNet": "-3957000",
            "netInterestIncome": "-22411000",
            "interestIncome": "None",
            "interestExpense": "22411000",
            "nonInterestIncome": "865792000",
            "otherNonOperatingIncome": "None",
            "depreciation": "None",
            "depreciationAndAmortization": "None",
            "incomeBeforeTax": "226896000",
            "incomeTaxExpense": "42471000",
            "interestAndDebtExpense": "22411000",
            "netIncomeFromContinuingOperations": "184393000",
            "comprehensiveIncomeNetOfTax": "-152275000",
            "ebit": "249307000",
            "ebitda": "249307000",
            "netIncome": "184425000"
        },
        {
            "fiscalDateEnding": "2018-03-31",
            "reportedCurrency": "USD",
            "grossProfit": "210891000",
            "totalRevenue": "1070436000",
            "costOfRevenue": "859545000",
            "costofGoodsAndServicesSold": "None",
            "operatingIncome": "210891000",
            "sellingGeneralAndAdministrative": "55472000",
            "researchAndDevelopment": "None",
            "operatingExpenses": "122296000",
            "investmentIncomeNet": "-3901000",
            "netInterestIncome": "-21622000",
            "interestIncome": "None",
            "interestExpense": "21622000",
            "nonInterestIncome": "850106000",
            "otherNonOperatingIncome": "None",
            "depreciation": "None",
            "depreciationAndAmortization": "None",
            "incomeBeforeTax": "212731000",
            "incomeTaxExpense": "39131000",
            "interestAndDebtExpense": "21622000",
            "netIncomeFromContinuingOperations": "173711000",
            "comprehensiveIncomeNetOfTax": "-310475000",
            "ebit": "234353000",
            "ebitda": "234353000",
            "netIncome": "173600000"
        }
    ]
}