{
    "symbol": "HST",
    "annualReports": [
        {
            "fiscalDateEnding": "2022-12-31",
            "reportedCurrency": "USD",
            "grossProfit": "3673000000",
            "totalRevenue": "4752000000",
            "costOfRevenue": "1079000000",
            "costofGoodsAndServicesSold": "325000000",
            "operatingIncome": "775000000",
            "sellingGeneralAndAdministrative": "107000000",
            "researchAndDevelopment": "None",
            "operatingExpenses": "736000000",
            "investmentIncomeNet": "None",
            "netInterestIncome": "-156000000",
            "interestIncome": "None",
            "interestExpense": "156000000",
            "nonInterestIncome": "4907000000",
            "otherNonOperatingIncome": "None",
            "depreciation": "None",
            "depreciationAndAmortization": "664000000",
            "incomeBeforeTax": "659000000",
            "incomeTaxExpense": "26000000",
            "interestAndDebtExpense": "156000000",
            "netIncomeFromContinuingOperations": "643000000",
            "comprehensiveIncomeNetOfTax": "634000000",
            "ebit": "815000000",
            "ebitda": "1479000000",
            "netIncome": "633000000"
        },
        {
            "fiscalDateEnding": "2021-12-31",
            "reportedCurrency": "USD",
            "grossProfit": "1425000000",
            "totalRevenue": "2677000000",
            "costOfRevenue": "1252000000",
            "costofGoodsAndServicesSold": "307000000",
            "operatingIncome": "-250000000",
            "sellingGeneralAndAdministrative": "99000000",
            "researchAndDevelopment": "None",
            "operatingExpenses": "945000000",
            "investmentIncomeNet": "None",
            "netInterestIncome": "-191000000",
            "interestIncome": "None",
            "interestExpense": "191000000",
            "nonInterestIncome": "2867000000",
            "otherNonOperatingIncome": "None",
            "depreciation": "None",
            "depreciationAndAmortization": "762000000",
            "incomeBeforeTax": "-102000000",
            "incomeTaxExpense": "-91000000",
            "interestAndDebtExpense": "214000000",
            "netIncomeFromContinuingOperations": "-11000000",
            "comprehensiveIncomeNetOfTax": "-13000000",
            "ebit": "89000000",
            "ebitda": "851000000",
            "netIncome": "-11000000"
        },
        {
            "fiscalDateEnding": "2020-12-31",
            "reportedCurrency": "USD",
            "grossProfit": "325000000",
            "totalRevenue": "1391000000",
            "costOfRevenue": "1066000000",
            "costofGoodsAndServicesSold": "312000000",
            "operatingIncome": "-953000000",
            "sellingGeneralAndAdministrative": "89000000",
            "researchAndDevelopment": "None",
            "operatingExpenses": "754000000",
            "investmentIncomeNet": "None",
            "netInterestIncome": "-194000000",
            "interestIncome": "None",
            "interestExpense": "194000000",
            "nonInterestIncome": "1584000000",
            "otherNonOperatingIncome": "None",
            "depreciation": "None",
            "depreciationAndAmortization": "665000000",
            "incomeBeforeTax": "-952000000",
            "incomeTaxExpense": "-220000000",
            "interestAndDebtExpense": "230000000",
            "netIncomeFromContinuingOperations": "-741000000",
            "comprehensiveIncomeNetOfTax": "-750000000",
            "ebit": "-758000000",
            "ebitda": "-93000000",
            "netIncome": "-732000000"
        },
        {
            "fiscalDateEnding": "2019-12-31",
            "reportedCurrency": "USD",
            "grossProfit": "4035000000",
            "totalRevenue": "5192000000",
            "costOfRevenue": "1157000000",
            "costofGoodsAndServicesSold": "365000000",
            "operatingIncome": "799000000",
            "sellingGeneralAndAdministrative": "107000000",
            "researchAndDevelopment": "None",
            "operatingExpenses": "792000000",
            "investmentIncomeNet": "None",
            "netInterestIncome": "-222000000",
            "interestIncome": "None",
            "interestExpense": "222000000",
            "nonInterestIncome": "5413000000",
            "otherNonOperatingIncome": "None",
            "depreciation": "None",
            "depreciationAndAmortization": "676000000",
            "incomeBeforeTax": "950000000",
            "incomeTaxExpense": "30000000",
            "interestAndDebtExpense": "278000000",
            "netIncomeFromContinuingOperations": "932000000",
            "comprehensiveIncomeNetOfTax": "923000000",
            "ebit": "1172000000",
            "ebitda": "1848000000",
            "netIncome": "920000000"
        },
        {
            "fiscalDateEnding": "2018-12-31",
            "reportedCurrency": "USD",
            "grossProfit": "4557000000",
            "totalRevenue": "6245000000",
            "costOfRevenue": "1688000000",
            "costofGoodsAndServicesSold": "387000000",
            "operatingIncome": "530000000",
            "sellingGeneralAndAdministrative": "104000000",
            "researchAndDevelopment": "None",
            "operatingExpenses": "399000000",
            "investmentIncomeNet": "None",
            "netInterestIncome": "-182000000",
            "interestIncome": "-6000000",
            "interestExpense": "176000000",
            "nonInterestIncome": "6427000000",
            "otherNonOperatingIncome": "None",
            "depreciation": "None",
            "depreciationAndAmortization": "944000000",
            "incomeBeforeTax": "1237000000",
            "incomeTaxExpense": "150000000",
            "interestAndDebtExpense": "176000000",
            "netIncomeFromContinuingOperations": "1151000000",
            "comprehensiveIncomeNetOfTax": "1087000000",
            "ebit": "1413000000",
            "ebitda": "2357000000",
            "netIncome": "1087000000"
        }
    ],
    "quarterlyReports": [
        {
            "fiscalDateEnding": "2022-12-31",
            "reportedCurrency": "USD",
            "grossProfit": "952000000",
            "totalRevenue": "1221000000",
            "costOfRevenue": "269000000",
            "costofGoodsAndServicesSold": "73000000",
            "operatingIncome": "178000000",
            "sellingGeneralAndAdministrative": "30000000",
            "researchAndDevelopment": "None",
            "operatingExpenses": "178000000",
            "investmentIncomeNet": "None",
            "netInterestIncome": "-43000000",
            "interestIncome": "None",
            "interestExpense": "43000000",
            "nonInterestIncome": "1263000000",
            "otherNonOperatingIncome": "None",
            "depreciation": "None",
            "depreciationAndAmortization": "166000000",
            "incomeBeforeTax": "144000000",
            "incomeTaxExpense": "-3000000",
            "interestAndDebtExpense": "43000000",
            "netIncomeFromContinuingOperations": "149000000",
            "comprehensiveIncomeNetOfTax": "149000000",
            "ebit": "187000000",
            "ebitda": "353000000",
            "netIncome": "147000000"
        },
        {
            "fiscalDateEnding": "2022-09-30",
            "reportedCurrency": "USD",
            "grossProfit": "876000000",
            "totalRevenue": "1149000000",
            "costOfRevenue": "273000000",
            "costofGoodsAndServicesSold": "90000000",
            "operatingIncome": "148000000",
            "sellingGeneralAndAdministrative": "29000000",
            "researchAndDevelopment": "None",
            "operatingExpenses": "179000000",
            "investmentIncomeNet": "None",
            "netInterestIncome": "-40000000",
            "interestIncome": "None",
            "interestExpense": "40000000",
            "nonInterestIncome": "1189000000",
            "otherNonOperatingIncome": "None",
            "depreciation": "None",
            "depreciationAndAmortization": "164000000",
            "incomeBeforeTax": "120000000",
            "incomeTaxExpense": "6000000",
            "interestAndDebtExpense": "40000000",
            "netIncomeFromContinuingOperations": "116000000",
            "comprehensiveIncomeNetOfTax": "111000000",
            "ebit": "160000000",
            "ebitda": "324000000",
            "netIncome": "114000000"
        },
        {
            "fiscalDateEnding": "2022-06-30",
            "reportedCurrency": "USD",
            "grossProfit": "1086000000",
            "totalRevenue": "1344000000",
            "costOfRevenue": "258000000",
            "costofGoodsAndServicesSold": "78000000",
            "operatingIncome": "327000000",
            "sellingGeneralAndAdministrative": "25000000",
            "researchAndDevelopment": "None",
            "operatingExpenses": "179000000",
            "investmentIncomeNet": "None",
            "netInterestIncome": "-37000000",
            "interestIncome": "None",
            "interestExpense": "37000000",
            "nonInterestIncome": "1381000000",
            "otherNonOperatingIncome": "None",
            "depreciation": "None",
            "depreciationAndAmortization": "162000000",
            "incomeBeforeTax": "295000000",
            "incomeTaxExpense": "39000000",
            "interestAndDebtExpense": "37000000",
            "netIncomeFromContinuingOperations": "260000000",
            "comprehensiveIncomeNetOfTax": "251000000",
            "ebit": "332000000",
            "ebitda": "494000000",
            "netIncome": "256000000"
        },
        {
            "fiscalDateEnding": "2022-03-31",
            "reportedCurrency": "USD",
            "grossProfit": "759000000",
            "totalRevenue": "1038000000",
            "costOfRevenue": "279000000",
            "costofGoodsAndServicesSold": "84000000",
            "operatingIncome": "122000000",
            "sellingGeneralAndAdministrative": "23000000",
            "researchAndDevelopment": "None",
            "operatingExpenses": "195000000",
            "investmentIncomeNet": "None",
            "netInterestIncome": "-36000000",
            "interestIncome": "None",
            "interestExpense": "36000000",
            "nonInterestIncome": "1074000000",
            "otherNonOperatingIncome": "None",
            "depreciation": "None",
            "depreciationAndAmortization": "172000000",
            "incomeBeforeTax": "100000000",
            "incomeTaxExpense": "-16000000",
            "interestAndDebtExpense": "36000000",
            "netIncomeFromContinuingOperations": "118000000",
            "comprehensiveIncomeNetOfTax": "123000000",
            "ebit": "136000000",
            "ebitda": "308000000",
            "netIncome": "116000000"
        },
        {
            "fiscalDateEnding": "2021-12-31",
            "reportedCurrency": "USD",
            "grossProfit": "565000000",
            "totalRevenue": "913000000",
            "costOfRevenue": "348000000",
            "costofGoodsAndServicesSold": "68000000",
            "operatingIncome": "79000000",
            "sellingGeneralAndAdministrative": "26000000",
            "researchAndDevelopment": "None",
            "operatingExpenses": "280000000",
            "investmentIncomeNet": "None",
            "netInterestIncome": "-63000000",
            "interestIncome": "None",
            "interestExpense": "63000000",
            "nonInterestIncome": "975000000",
            "otherNonOperatingIncome": "None",
            "depreciation": "None",
            "depreciationAndAmortization": "165000000",
            "incomeBeforeTax": "310000000",
            "incomeTaxExpense": "-10000000",
            "interestAndDebtExpense": "86000000",
            "netIncomeFromContinuingOperations": "323000000",
            "comprehensiveIncomeNetOfTax": "319000000",
            "ebit": "373000000",
            "ebitda": "538000000",
            "netIncome": "320000000"
        },
        {
            "fiscalDateEnding": "2021-09-30",
            "reportedCurrency": "USD",
            "grossProfit": "345000000",
            "totalRevenue": "801000000",
            "costOfRevenue": "456000000",
            "costofGoodsAndServicesSold": "82000000",
            "operatingIncome": "-95000000",
            "sellingGeneralAndAdministrative": "24000000",
            "researchAndDevelopment": "None",
            "operatingExpenses": "374000000",
            "investmentIncomeNet": "None",
            "netInterestIncome": "-43000000",
            "interestIncome": "None",
            "interestExpense": "43000000",
            "nonInterestIncome": "844000000",
            "otherNonOperatingIncome": "None",
            "depreciation": "None",
            "depreciationAndAmortization": "263000000",
            "incomeBeforeTax": "-132000000",
            "incomeTaxExpense": "-13000000",
            "interestAndDebtExpense": "43000000",
            "netIncomeFromContinuingOperations": "-120000000",
            "comprehensiveIncomeNetOfTax": "-123000000",
            "ebit": "-89000000",
            "ebitda": "174000000",
            "netIncome": "-119000000"
        },
        {
            "fiscalDateEnding": "2021-06-30",
            "reportedCurrency": "USD",
            "grossProfit": "333000000",
            "totalRevenue": "606000000",
            "costOfRevenue": "273000000",
            "costofGoodsAndServicesSold": "79000000",
            "operatingIncome": "-68000000",
            "sellingGeneralAndAdministrative": "25000000",
            "researchAndDevelopment": "None",
            "operatingExpenses": "194000000",
            "investmentIncomeNet": "None",
            "netInterestIncome": "-43000000",
            "interestIncome": "None",
            "interestExpense": "43000000",
            "nonInterestIncome": "649000000",
            "otherNonOperatingIncome": "None",
            "depreciation": "None",
            "depreciationAndAmortization": "169000000",
            "incomeBeforeTax": "-82000000",
            "incomeTaxExpense": "-22000000",
            "interestAndDebtExpense": "43000000",
            "netIncomeFromContinuingOperations": "-61000000",
            "comprehensiveIncomeNetOfTax": "-54000000",
            "ebit": "-39000000",
            "ebitda": "130000000",
            "netIncome": "-60000000"
        },
        {
            "fiscalDateEnding": "2021-03-31",
            "reportedCurrency": "USD",
            "grossProfit": "90000000",
            "totalRevenue": "357000000",
            "costOfRevenue": "267000000",
            "costofGoodsAndServicesSold": "78000000",
            "operatingIncome": "-166000000",
            "sellingGeneralAndAdministrative": "24000000",
            "researchAndDevelopment": "None",
            "operatingExpenses": "189000000",
            "investmentIncomeNet": "None",
            "netInterestIncome": "-42000000",
            "interestIncome": "None",
            "interestExpense": "42000000",
            "nonInterestIncome": "399000000",
            "otherNonOperatingIncome": "None",
            "depreciation": "None",
            "depreciationAndAmortization": "165000000",
            "incomeBeforeTax": "-198000000",
            "incomeTaxExpense": "-46000000",
            "interestAndDebtExpense": "42000000",
            "netIncomeFromContinuingOperations": "-153000000",
            "comprehensiveIncomeNetOfTax": "-155000000",
            "ebit": "-156000000",
            "ebitda": "9000000",
            "netIncome": "-152000000"
        },
        {
            "fiscalDateEnding": "2020-12-31",
            "reportedCurrency": "USD",
            "grossProfit": "-51000000",
            "totalRevenue": "209000000",
            "costOfRevenue": "260000000",
            "costofGoodsAndServicesSold": "72000000",
            "operatingIncome": "-271000000",
            "sellingGeneralAndAdministrative": "21000000",
            "researchAndDevelopment": "None",
            "operatingExpenses": "188000000",
            "investmentIncomeNet": "None",
            "netInterestIncome": "-51000000",
            "interestIncome": "None",
            "interestExpense": "51000000",
            "nonInterestIncome": "259000000",
            "otherNonOperatingIncome": "None",
            "depreciation": "None",
            "depreciationAndAmortization": "167000000",
            "incomeBeforeTax": "-128000000",
            "incomeTaxExpense": "-64000000",
            "interestAndDebtExpense": "59000000",
            "netIncomeFromContinuingOperations": "-66000000",
            "comprehensiveIncomeNetOfTax": "-59000000",
            "ebit": "-77000000",
            "ebitda": "90000000",
            "netIncome": "-64000000"
        },
        {
            "fiscalDateEnding": "2020-09-30",
            "reportedCurrency": "USD",
            "grossProfit": "-129000000",
            "totalRevenue": "132000000",
            "costOfRevenue": "261000000",
            "costofGoodsAndServicesSold": "77000000",
            "operatingIncome": "-318000000",
            "sellingGeneralAndAdministrative": "18000000",
            "researchAndDevelopment": "None",
            "operatingExpenses": "184000000",
            "investmentIncomeNet": "None",
            "netInterestIncome": "-66000000",
            "interestIncome": "None",
            "interestExpense": "66000000",
            "nonInterestIncome": "198000000",
            "otherNonOperatingIncome": "None",
            "depreciation": "None",
            "depreciationAndAmortization": "166000000",
            "incomeBeforeTax": "-386000000",
            "incomeTaxExpense": "-73000000",
            "interestAndDebtExpense": "66000000",
            "netIncomeFromContinuingOperations": "-316000000",
            "comprehensiveIncomeNetOfTax": "-318000000",
            "ebit": "-320000000",
            "ebitda": "-154000000",
            "netIncome": "-313000000"
        },
        {
            "fiscalDateEnding": "2020-06-30",
            "reportedCurrency": "USD",
            "grossProfit": "-200000000",
            "totalRevenue": "63000000",
            "costOfRevenue": "263000000",
            "costofGoodsAndServicesSold": "70000000",
            "operatingIncome": "-353000000",
            "sellingGeneralAndAdministrative": "25000000",
            "researchAndDevelopment": "None",
            "operatingExpenses": "193000000",
            "investmentIncomeNet": "None",
            "netInterestIncome": "-40000000",
            "interestIncome": "None",
            "interestExpense": "40000000",
            "nonInterestIncome": "103000000",
            "otherNonOperatingIncome": "None",
            "depreciation": "None",
            "depreciationAndAmortization": "168000000",
            "incomeBeforeTax": "-398000000",
            "incomeTaxExpense": "-46000000",
            "interestAndDebtExpense": "40000000",
            "netIncomeFromContinuingOperations": "-356000000",
            "comprehensiveIncomeNetOfTax": "-354000000",
            "ebit": "-358000000",
            "ebitda": "-190000000",
            "netIncome": "-352000000"
        },
        {
            "fiscalDateEnding": "2020-03-31",
            "reportedCurrency": "USD",
            "grossProfit": "733000000",
            "totalRevenue": "1015000000",
            "costOfRevenue": "282000000",
            "costofGoodsAndServicesSold": "93000000",
            "operatingIncome": "-11000000",
            "sellingGeneralAndAdministrative": "25000000",
            "researchAndDevelopment": "None",
            "operatingExpenses": "189000000",
            "investmentIncomeNet": "None",
            "netInterestIncome": "-37000000",
            "interestIncome": "None",
            "interestExpense": "37000000",
            "nonInterestIncome": "1052000000",
            "otherNonOperatingIncome": "None",
            "depreciation": "None",
            "depreciationAndAmortization": "164000000",
            "incomeBeforeTax": "-40000000",
            "incomeTaxExpense": "-37000000",
            "interestAndDebtExpense": "37000000",
            "netIncomeFromContinuingOperations": "-3000000",
            "comprehensiveIncomeNetOfTax": "-19000000",
            "ebit": "-3000000",
            "ebitda": "161000000",
            "netIncome": "-3000000"
        },
        {
            "fiscalDateEnding": "2019-12-31",
            "reportedCurrency": "USD",
            "grossProfit": "543000000",
            "totalRevenue": "855000000",
            "costOfRevenue": "312000000",
            "costofGoodsAndServicesSold": "97000000",
            "operatingIncome": "166000000",
            "sellingGeneralAndAdministrative": "27000000",
            "researchAndDevelopment": "None",
            "operatingExpenses": "551000000",
            "investmentIncomeNet": "None",
            "netInterestIncome": "-90000000",
            "interestIncome": "None",
            "interestExpense": "90000000",
            "nonInterestIncome": "945000000",
            "otherNonOperatingIncome": "None",
            "depreciation": "None",
            "depreciationAndAmortization": "175000000",
            "incomeBeforeTax": "88000000",
            "incomeTaxExpense": "8000000",
            "interestAndDebtExpense": "143000000",
            "netIncomeFromContinuingOperations": "81000000",
            "comprehensiveIncomeNetOfTax": "86000000",
            "ebit": "178000000",
            "ebitda": "353000000",
            "netIncome": "80000000"
        },
        {
            "fiscalDateEnding": "2019-09-30",
            "reportedCurrency": "USD",
            "grossProfit": "1219000000",
            "totalRevenue": "1491000000",
            "costOfRevenue": "272000000",
            "costofGoodsAndServicesSold": "85000000",
            "operatingIncome": "137000000",
            "sellingGeneralAndAdministrative": "26000000",
            "researchAndDevelopment": "None",
            "operatingExpenses": "-87000000",
            "investmentIncomeNet": "None",
            "netInterestIncome": "-46000000",
            "interestIncome": "None",
            "interestExpense": "46000000",
            "nonInterestIncome": "1536000000",
            "otherNonOperatingIncome": "None",
            "depreciation": "None",
            "depreciationAndAmortization": "165000000",
            "incomeBeforeTax": "372000000",
            "incomeTaxExpense": "4000000",
            "interestAndDebtExpense": "46000000",
            "netIncomeFromContinuingOperations": "372000000",
            "comprehensiveIncomeNetOfTax": "362000000",
            "ebit": "418000000",
            "ebitda": "583000000",
            "netIncome": "368000000"
        },
        {
            "fiscalDateEnding": "2019-06-30",
            "reportedCurrency": "USD",
            "grossProfit": "1215000000",
            "totalRevenue": "1497000000",
            "costOfRevenue": "282000000",
            "costofGoodsAndServicesSold": "91000000",
            "operatingIncome": "280000000",
            "sellingGeneralAndAdministrative": "25000000",
            "researchAndDevelopment": "None",
            "operatingExpenses": "134000000",
            "investmentIncomeNet": "None",
            "netInterestIncome": "-43000000",
            "interestIncome": "None",
            "interestExpense": "43000000",
            "nonInterestIncome": "1540000000",
            "otherNonOperatingIncome": "None",
            "depreciation": "None",
            "depreciationAndAmortization": "166000000",
            "incomeBeforeTax": "302000000",
            "incomeTaxExpense": "16000000",
            "interestAndDebtExpense": "43000000",
            "netIncomeFromContinuingOperations": "290000000",
            "comprehensiveIncomeNetOfTax": "289000000",
            "ebit": "345000000",
            "ebitda": "511000000",
            "netIncome": "286000000"
        },
        {
            "fiscalDateEnding": "2019-03-31",
            "reportedCurrency": "USD",
            "grossProfit": "1061000000",
            "totalRevenue": "1352000000",
            "costOfRevenue": "291000000",
            "costofGoodsAndServicesSold": "92000000",
            "operatingIncome": "216000000",
            "sellingGeneralAndAdministrative": "29000000",
            "researchAndDevelopment": "None",
            "operatingExpenses": "194000000",
            "investmentIncomeNet": "None",
            "netInterestIncome": "-43000000",
            "interestIncome": "None",
            "interestExpense": "43000000",
            "nonInterestIncome": "1395000000",
            "otherNonOperatingIncome": "None",
            "depreciation": "None",
            "depreciationAndAmortization": "170000000",
            "incomeBeforeTax": "188000000",
            "incomeTaxExpense": "2000000",
            "interestAndDebtExpense": "43000000",
            "netIncomeFromContinuingOperations": "189000000",
            "comprehensiveIncomeNetOfTax": "186000000",
            "ebit": "231000000",
            "ebitda": "401000000",
            "netIncome": "186000000"
        },
        {
            "fiscalDateEnding": "2018-12-31",
            "reportedCurrency": "USD",
            "grossProfit": "1009000000",
            "totalRevenue": "1549000000",
            "costOfRevenue": "540000000",
            "costofGoodsAndServicesSold": "100000000",
            "operatingIncome": "188000000",
            "sellingGeneralAndAdministrative": "22000000",
            "researchAndDevelopment": "None",
            "operatingExpenses": "205000000",
            "investmentIncomeNet": "None",
            "netInterestIncome": "-48000000",
            "interestIncome": "-6000000",
            "interestExpense": "42000000",
            "nonInterestIncome": "1597000000",
            "otherNonOperatingIncome": "None",
            "depreciation": "None",
            "depreciationAndAmortization": "165000000",
            "incomeBeforeTax": "394000000",
            "incomeTaxExpense": "87000000",
            "interestAndDebtExpense": "42000000",
            "netIncomeFromContinuingOperations": "306000000",
            "comprehensiveIncomeNetOfTax": "308000000",
            "ebit": "436000000",
            "ebitda": "601000000",
            "netIncome": "307000000"
        },
        {
            "fiscalDateEnding": "2018-09-30",
            "reportedCurrency": "USD",
            "grossProfit": "1275000000",
            "totalRevenue": "1801000000",
            "costOfRevenue": "526000000",
            "costofGoodsAndServicesSold": "90000000",
            "operatingIncome": "-92000000",
            "sellingGeneralAndAdministrative": "24000000",
            "researchAndDevelopment": "None",
            "operatingExpenses": "-111000000",
            "investmentIncomeNet": "None",
            "netInterestIncome": "-45000000",
            "interestIncome": "None",
            "interestExpense": "45000000",
            "nonInterestIncome": "1846000000",
            "otherNonOperatingIncome": "None",
            "depreciation": "None",
            "depreciationAndAmortization": "412000000",
            "incomeBeforeTax": "367000000",
            "incomeTaxExpense": "42000000",
            "interestAndDebtExpense": "45000000",
            "netIncomeFromContinuingOperations": "378000000",
            "comprehensiveIncomeNetOfTax": "325000000",
            "ebit": "412000000",
            "ebitda": "824000000",
            "netIncome": "325000000"
        },
        {
            "fiscalDateEnding": "2018-06-30",
            "reportedCurrency": "USD",
            "grossProfit": "1155000000",
            "totalRevenue": "1473000000",
            "costOfRevenue": "318000000",
            "costofGoodsAndServicesSold": "99000000",
            "operatingIncome": "263000000",
            "sellingGeneralAndAdministrative": "30000000",
            "researchAndDevelopment": "None",
            "operatingExpenses": "219000000",
            "investmentIncomeNet": "None",
            "netInterestIncome": "-45000000",
            "interestIncome": "None",
            "interestExpense": "45000000",
            "nonInterestIncome": "1518000000",
            "otherNonOperatingIncome": "None",
            "depreciation": "None",
            "depreciationAndAmortization": "189000000",
            "incomeBeforeTax": "228000000",
            "incomeTaxExpense": "17000000",
            "interestAndDebtExpense": "45000000",
            "netIncomeFromContinuingOperations": "211000000",
            "comprehensiveIncomeNetOfTax": "196000000",
            "ebit": "273000000",
            "ebitda": "462000000",
            "netIncome": "211000000"
        },
        {
            "fiscalDateEnding": "2018-03-31",
            "reportedCurrency": "USD",
            "grossProfit": "171000000",
            "totalRevenue": "1346000000",
            "costOfRevenue": "1175000000",
            "costofGoodsAndServicesSold": "969000000",
            "operatingIncome": "171000000",
            "sellingGeneralAndAdministrative": "28000000",
            "researchAndDevelopment": "None",
            "operatingExpenses": "86000000",
            "investmentIncomeNet": "None",
            "netInterestIncome": "-44000000",
            "interestIncome": "None",
            "interestExpense": "44000000",
            "nonInterestIncome": "120000000",
            "otherNonOperatingIncome": "None",
            "depreciation": "None",
            "depreciationAndAmortization": "178000000",
            "incomeBeforeTax": "260000000",
            "incomeTaxExpense": "4000000",
            "interestAndDebtExpense": "44000000",
            "netIncomeFromContinuingOperations": "256000000",
            "comprehensiveIncomeNetOfTax": "258000000",
            "ebit": "304000000",
            "ebitda": "482000000",
            "netIncome": "256000000"
        }
    ]
}