{
    "symbol": "JBHT",
    "annualReports": [
        {
            "fiscalDateEnding": "2022-12-31",
            "reportedCurrency": "USD",
            "grossProfit": "9199979000",
            "totalRevenue": "14788173000",
            "costOfRevenue": "5588194000",
            "costofGoodsAndServicesSold": "1354770000",
            "operatingIncome": "1332000000",
            "sellingGeneralAndAdministrative": "215361000",
            "researchAndDevelopment": "None",
            "operatingExpenses": "834939000",
            "investmentIncomeNet": "1069000",
            "netInterestIncome": "-51249000",
            "interestIncome": "1069000",
            "interestExpense": "51249000",
            "nonInterestIncome": "14839422000",
            "otherNonOperatingIncome": "1069000",
            "depreciation": "None",
            "depreciationAndAmortization": "645000000",
            "incomeBeforeTax": "1281373000",
            "incomeTaxExpense": "312022000",
            "interestAndDebtExpense": "51249000",
            "netIncomeFromContinuingOperations": "969351000",
            "comprehensiveIncomeNetOfTax": "969351000",
            "ebit": "1332622000",
            "ebitda": "1977622000",
            "netIncome": "969351000"
        },
        {
            "fiscalDateEnding": "2021-12-31",
            "reportedCurrency": "USD",
            "grossProfit": "7811892000",
            "totalRevenue": "12116209000",
            "costOfRevenue": "4304317000",
            "costofGoodsAndServicesSold": "790021000",
            "operatingIncome": "1046000000",
            "sellingGeneralAndAdministrative": "195616000",
            "researchAndDevelopment": "None",
            "operatingExpenses": "758156000",
            "investmentIncomeNet": "493000",
            "netInterestIncome": "-46251000",
            "interestIncome": "493000",
            "interestExpense": "46251000",
            "nonInterestIncome": "12162460000",
            "otherNonOperatingIncome": "493000",
            "depreciation": "None",
            "depreciationAndAmortization": "557000000",
            "incomeBeforeTax": "999772000",
            "incomeTaxExpense": "238966000",
            "interestAndDebtExpense": "46251000",
            "netIncomeFromContinuingOperations": "760806000",
            "comprehensiveIncomeNetOfTax": "760806000",
            "ebit": "1046023000",
            "ebitda": "1603023000",
            "netIncome": "760806000"
        },
        {
            "fiscalDateEnding": "2020-12-31",
            "reportedCurrency": "USD",
            "grossProfit": "5950425000",
            "totalRevenue": "9585031000",
            "costOfRevenue": "3634606000",
            "costofGoodsAndServicesSold": "579807000",
            "operatingIncome": "713119000",
            "sellingGeneralAndAdministrative": "180083000",
            "researchAndDevelopment": "None",
            "operatingExpenses": "711472000",
            "investmentIncomeNet": "486000",
            "netInterestIncome": "-47580000",
            "interestIncome": "486000",
            "interestExpense": "47580000",
            "nonInterestIncome": "9632611000",
            "otherNonOperatingIncome": "486000",
            "depreciation": "None",
            "depreciationAndAmortization": "527000000",
            "incomeBeforeTax": "666025000",
            "incomeTaxExpense": "159990000",
            "interestAndDebtExpense": "47580000",
            "netIncomeFromContinuingOperations": "506035000",
            "comprehensiveIncomeNetOfTax": "506035000",
            "ebit": "713605000",
            "ebitda": "1240605000",
            "netIncome": "506035000"
        },
        {
            "fiscalDateEnding": "2019-12-31",
            "reportedCurrency": "USD",
            "grossProfit": "5528009000",
            "totalRevenue": "9097517000",
            "costOfRevenue": "3569508000",
            "costofGoodsAndServicesSold": "710579000",
            "operatingIncome": "734000000",
            "sellingGeneralAndAdministrative": "191933000",
            "researchAndDevelopment": "None",
            "operatingExpenses": "704135000",
            "investmentIncomeNet": "1754000",
            "netInterestIncome": "-54684000",
            "interestIncome": "1754000",
            "interestExpense": "54684000",
            "nonInterestIncome": "9152201000",
            "otherNonOperatingIncome": "1754000",
            "depreciation": "None",
            "depreciationAndAmortization": "499000000",
            "incomeBeforeTax": "680895000",
            "incomeTaxExpense": "164575000",
            "interestAndDebtExpense": "54684000",
            "netIncomeFromContinuingOperations": "516320000",
            "comprehensiveIncomeNetOfTax": "516320000",
            "ebit": "735579000",
            "ebitda": "1234579000",
            "netIncome": "516320000"
        },
        {
            "fiscalDateEnding": "2018-12-31",
            "reportedCurrency": "USD",
            "grossProfit": "5366556000",
            "totalRevenue": "8562340000",
            "costOfRevenue": "3195784000",
            "costofGoodsAndServicesSold": "670408000",
            "operatingIncome": "681000000",
            "sellingGeneralAndAdministrative": "163270000",
            "researchAndDevelopment": "None",
            "operatingExpenses": "611270000",
            "investmentIncomeNet": "224000",
            "netInterestIncome": "-40427000",
            "interestIncome": "224000",
            "interestExpense": "40427000",
            "nonInterestIncome": "8602767000",
            "otherNonOperatingIncome": "224000",
            "depreciation": "None",
            "depreciationAndAmortization": "436000000",
            "incomeBeforeTax": "640818000",
            "incomeTaxExpense": "151233000",
            "interestAndDebtExpense": "40427000",
            "netIncomeFromContinuingOperations": "489585000",
            "comprehensiveIncomeNetOfTax": "489585000",
            "ebit": "681245000",
            "ebitda": "1117245000",
            "netIncome": "489585000"
        }
    ],
    "quarterlyReports": [
        {
            "fiscalDateEnding": "2022-12-31",
            "reportedCurrency": "USD",
            "grossProfit": "2146716000",
            "totalRevenue": "3641817000",
            "costOfRevenue": "1495101000",
            "costofGoodsAndServicesSold": "387756000",
            "operatingIncome": "282400000",
            "sellingGeneralAndAdministrative": "55335000",
            "researchAndDevelopment": "None",
            "operatingExpenses": "222969000",
            "investmentIncomeNet": "None",
            "netInterestIncome": "-12258000",
            "interestIncome": "None",
            "interestExpense": "12258000",
            "nonInterestIncome": "3654075000",
            "otherNonOperatingIncome": "1069000",
            "depreciation": "None",
            "depreciationAndAmortization": "172086000",
            "incomeBeforeTax": "270759000",
            "incomeTaxExpense": "69456000",
            "interestAndDebtExpense": "12258000",
            "netIncomeFromContinuingOperations": "201303000",
            "comprehensiveIncomeNetOfTax": "201303000",
            "ebit": "283017000",
            "ebitda": "455103000",
            "netIncome": "201303000"
        },
        {
            "fiscalDateEnding": "2022-09-30",
            "reportedCurrency": "USD",
            "grossProfit": "2378860000",
            "totalRevenue": "3824695000",
            "costOfRevenue": "1445835000",
            "costofGoodsAndServicesSold": "328717000",
            "operatingIncome": "362200000",
            "sellingGeneralAndAdministrative": "62815000",
            "researchAndDevelopment": "None",
            "operatingExpenses": "229395000",
            "investmentIncomeNet": "None",
            "netInterestIncome": "-13562000",
            "interestIncome": "None",
            "interestExpense": "13562000",
            "nonInterestIncome": "3838257000",
            "otherNonOperatingIncome": "None",
            "depreciation": "None",
            "depreciationAndAmortization": "166580000",
            "incomeBeforeTax": "348666000",
            "incomeTaxExpense": "79284000",
            "interestAndDebtExpense": "13562000",
            "netIncomeFromContinuingOperations": "269382000",
            "comprehensiveIncomeNetOfTax": "269382000",
            "ebit": "362228000",
            "ebitda": "528808000",
            "netIncome": "269382000"
        },
        {
            "fiscalDateEnding": "2022-06-30",
            "reportedCurrency": "USD",
            "grossProfit": "2387418000",
            "totalRevenue": "3824690000",
            "costOfRevenue": "1437272000",
            "costofGoodsAndServicesSold": "378083000",
            "operatingIncome": "353083000",
            "sellingGeneralAndAdministrative": "59764000",
            "researchAndDevelopment": "None",
            "operatingExpenses": "217364000",
            "investmentIncomeNet": "None",
            "netInterestIncome": "-12842000",
            "interestIncome": "None",
            "interestExpense": "12842000",
            "nonInterestIncome": "3837532000",
            "otherNonOperatingIncome": "None",
            "depreciation": "None",
            "depreciationAndAmortization": "157600000",
            "incomeBeforeTax": "340241000",
            "incomeTaxExpense": "84899000",
            "interestAndDebtExpense": "12842000",
            "netIncomeFromContinuingOperations": "255342000",
            "comprehensiveIncomeNetOfTax": "255342000",
            "ebit": "353083000",
            "ebitda": "510683000",
            "netIncome": "255342000"
        },
        {
            "fiscalDateEnding": "2022-03-31",
            "reportedCurrency": "USD",
            "grossProfit": "2283624000",
            "totalRevenue": "3493676000",
            "costOfRevenue": "1210052000",
            "costofGoodsAndServicesSold": "260214000",
            "operatingIncome": "334300000",
            "sellingGeneralAndAdministrative": "37447000",
            "researchAndDevelopment": "None",
            "operatingExpenses": "169385000",
            "investmentIncomeNet": "None",
            "netInterestIncome": "-12586000",
            "interestIncome": "None",
            "interestExpense": "12586000",
            "nonInterestIncome": "3506262000",
            "otherNonOperatingIncome": "None",
            "depreciation": "None",
            "depreciationAndAmortization": "148800000",
            "incomeBeforeTax": "321708000",
            "incomeTaxExpense": "78383000",
            "interestAndDebtExpense": "12586000",
            "netIncomeFromContinuingOperations": "243325000",
            "comprehensiveIncomeNetOfTax": "243325000",
            "ebit": "334294000",
            "ebitda": "483094000",
            "netIncome": "243325000"
        },
        {
            "fiscalDateEnding": "2021-12-31",
            "reportedCurrency": "USD",
            "grossProfit": "2298177000",
            "totalRevenue": "3483256000",
            "costOfRevenue": "1185079000",
            "costofGoodsAndServicesSold": "226441000",
            "operatingIncome": "323000000",
            "sellingGeneralAndAdministrative": "52954000",
            "researchAndDevelopment": "None",
            "operatingExpenses": "194877000",
            "investmentIncomeNet": "None",
            "netInterestIncome": "-10190000",
            "interestIncome": "None",
            "interestExpense": "10190000",
            "nonInterestIncome": "3493446000",
            "otherNonOperatingIncome": "493000",
            "depreciation": "None",
            "depreciationAndAmortization": "141161000",
            "incomeBeforeTax": "312806000",
            "incomeTaxExpense": "70597000",
            "interestAndDebtExpense": "10190000",
            "netIncomeFromContinuingOperations": "242209000",
            "comprehensiveIncomeNetOfTax": "242209000",
            "ebit": "322996000",
            "ebitda": "464157000",
            "netIncome": "242209000"
        },
        {
            "fiscalDateEnding": "2021-09-30",
            "reportedCurrency": "USD",
            "grossProfit": "2027629000",
            "totalRevenue": "3132835000",
            "costOfRevenue": "1105206000",
            "costofGoodsAndServicesSold": "204323000",
            "operatingIncome": "273800000",
            "sellingGeneralAndAdministrative": "50266000",
            "researchAndDevelopment": "None",
            "operatingExpenses": "190289000",
            "investmentIncomeNet": "None",
            "netInterestIncome": "-11977000",
            "interestIncome": "None",
            "interestExpense": "11977000",
            "nonInterestIncome": "3144812000",
            "otherNonOperatingIncome": "None",
            "depreciation": "None",
            "depreciationAndAmortization": "138923000",
            "incomeBeforeTax": "261852000",
            "incomeTaxExpense": "62023000",
            "interestAndDebtExpense": "11977000",
            "netIncomeFromContinuingOperations": "199829000",
            "comprehensiveIncomeNetOfTax": "199829000",
            "ebit": "273829000",
            "ebitda": "412752000",
            "netIncome": "199829000"
        },
        {
            "fiscalDateEnding": "2021-06-30",
            "reportedCurrency": "USD",
            "grossProfit": "1858738000",
            "totalRevenue": "2896311000",
            "costOfRevenue": "1037573000",
            "costofGoodsAndServicesSold": "185226000",
            "operatingIncome": "241500000",
            "sellingGeneralAndAdministrative": "47505000",
            "researchAndDevelopment": "None",
            "operatingExpenses": "187676000",
            "investmentIncomeNet": "None",
            "netInterestIncome": "-12059000",
            "interestIncome": "None",
            "interestExpense": "12059000",
            "nonInterestIncome": "2908370000",
            "otherNonOperatingIncome": "None",
            "depreciation": "None",
            "depreciationAndAmortization": "139400000",
            "incomeBeforeTax": "229487000",
            "incomeTaxExpense": "57325000",
            "interestAndDebtExpense": "12059000",
            "netIncomeFromContinuingOperations": "172162000",
            "comprehensiveIncomeNetOfTax": "172162000",
            "ebit": "241546000",
            "ebitda": "380946000",
            "netIncome": "172162000"
        },
        {
            "fiscalDateEnding": "2021-03-31",
            "reportedCurrency": "USD",
            "grossProfit": "1628525000",
            "totalRevenue": "2604978000",
            "costOfRevenue": "976453000",
            "costofGoodsAndServicesSold": "174030000",
            "operatingIncome": "207700000",
            "sellingGeneralAndAdministrative": "44891000",
            "researchAndDevelopment": "None",
            "operatingExpenses": "184138000",
            "investmentIncomeNet": "None",
            "netInterestIncome": "-12024000",
            "interestIncome": "None",
            "interestExpense": "12024000",
            "nonInterestIncome": "2617002000",
            "otherNonOperatingIncome": "None",
            "depreciation": "None",
            "depreciationAndAmortization": "137545000",
            "incomeBeforeTax": "195628000",
            "incomeTaxExpense": "49022000",
            "interestAndDebtExpense": "12024000",
            "netIncomeFromContinuingOperations": "146606000",
            "comprehensiveIncomeNetOfTax": "146606000",
            "ebit": "207652000",
            "ebitda": "345197000",
            "netIncome": "146606000"
        },
        {
            "fiscalDateEnding": "2020-12-31",
            "reportedCurrency": "USD",
            "grossProfit": "2737652000",
            "totalRevenue": "2737652000",
            "costOfRevenue": "959729000",
            "costofGoodsAndServicesSold": "151918000",
            "operatingIncome": "207691000",
            "sellingGeneralAndAdministrative": "48429000",
            "researchAndDevelopment": "None",
            "operatingExpenses": "184777000",
            "investmentIncomeNet": "None",
            "netInterestIncome": "-10831000",
            "interestIncome": "None",
            "interestExpense": "10831000",
            "nonInterestIncome": "2737652000",
            "otherNonOperatingIncome": "486000",
            "depreciation": "None",
            "depreciationAndAmortization": "134200000",
            "incomeBeforeTax": "197347000",
            "incomeTaxExpense": "43340000",
            "interestAndDebtExpense": "10831000",
            "netIncomeFromContinuingOperations": "207691000",
            "comprehensiveIncomeNetOfTax": "207691000",
            "ebit": "208178000",
            "ebitda": "342378000",
            "netIncome": "154007000"
        },
        {
            "fiscalDateEnding": "2020-09-30",
            "reportedCurrency": "USD",
            "grossProfit": "1547521000",
            "totalRevenue": "2461105000",
            "costOfRevenue": "913584000",
            "costofGoodsAndServicesSold": "145136000",
            "operatingIncome": "175503000",
            "sellingGeneralAndAdministrative": "41894000",
            "researchAndDevelopment": "None",
            "operatingExpenses": "174286000",
            "investmentIncomeNet": "None",
            "netInterestIncome": "-11895000",
            "interestIncome": "None",
            "interestExpense": "11895000",
            "nonInterestIncome": "2473000000",
            "otherNonOperatingIncome": "None",
            "depreciation": "None",
            "depreciationAndAmortization": "132392000",
            "incomeBeforeTax": "163608000",
            "incomeTaxExpense": "38112000",
            "interestAndDebtExpense": "11895000",
            "netIncomeFromContinuingOperations": "125496000",
            "comprehensiveIncomeNetOfTax": "125496000",
            "ebit": "175503000",
            "ebitda": "307895000",
            "netIncome": "125496000"
        },
        {
            "fiscalDateEnding": "2020-06-30",
            "reportedCurrency": "USD",
            "grossProfit": "1276221000",
            "totalRevenue": "2133182000",
            "costOfRevenue": "856961000",
            "costofGoodsAndServicesSold": "127926000",
            "operatingIncome": "175183000",
            "sellingGeneralAndAdministrative": "44599000",
            "researchAndDevelopment": "None",
            "operatingExpenses": "174899000",
            "investmentIncomeNet": "None",
            "netInterestIncome": "-12818000",
            "interestIncome": "12818000",
            "interestExpense": "12818000",
            "nonInterestIncome": "2146000000",
            "otherNonOperatingIncome": "None",
            "depreciation": "None",
            "depreciationAndAmortization": "130298000",
            "incomeBeforeTax": "162365000",
            "incomeTaxExpense": "40667000",
            "interestAndDebtExpense": "12818000",
            "netIncomeFromContinuingOperations": "121698000",
            "comprehensiveIncomeNetOfTax": "121698000",
            "ebit": "175183000",
            "ebitda": "305481000",
            "netIncome": "121698000"
        },
        {
            "fiscalDateEnding": "2020-03-31",
            "reportedCurrency": "USD",
            "grossProfit": "1363151000",
            "totalRevenue": "2267492000",
            "costOfRevenue": "904341000",
            "costofGoodsAndServicesSold": "154827000",
            "operatingIncome": "154700000",
            "sellingGeneralAndAdministrative": "45165000",
            "researchAndDevelopment": "None",
            "operatingExpenses": "176737000",
            "investmentIncomeNet": "None",
            "netInterestIncome": "-12036000",
            "interestIncome": "12036000",
            "interestExpense": "12036000",
            "nonInterestIncome": "2279528000",
            "otherNonOperatingIncome": "None",
            "depreciation": "None",
            "depreciationAndAmortization": "130100000",
            "incomeBeforeTax": "142705000",
            "incomeTaxExpense": "37871000",
            "interestAndDebtExpense": "12036000",
            "netIncomeFromContinuingOperations": "104834000",
            "comprehensiveIncomeNetOfTax": "104834000",
            "ebit": "154741000",
            "ebitda": "284841000",
            "netIncome": "104834000"
        },
        {
            "fiscalDateEnding": "2019-12-31",
            "reportedCurrency": "USD",
            "grossProfit": "2450323000",
            "totalRevenue": "2450323000",
            "costOfRevenue": "915486000",
            "costofGoodsAndServicesSold": "174283000",
            "operatingIncome": "205074000",
            "sellingGeneralAndAdministrative": "51279000",
            "researchAndDevelopment": "None",
            "operatingExpenses": "183668000",
            "investmentIncomeNet": "None",
            "netInterestIncome": "-14531000",
            "interestIncome": "12777000",
            "interestExpense": "14531000",
            "nonInterestIncome": "2450323000",
            "otherNonOperatingIncome": "1754000",
            "depreciation": "None",
            "depreciationAndAmortization": "128272000",
            "incomeBeforeTax": "192298000",
            "incomeTaxExpense": "47622000",
            "interestAndDebtExpense": "14531000",
            "netIncomeFromContinuingOperations": "205074000",
            "comprehensiveIncomeNetOfTax": "205074000",
            "ebit": "206829000",
            "ebitda": "335101000",
            "netIncome": "144676000"
        },
        {
            "fiscalDateEnding": "2019-09-30",
            "reportedCurrency": "USD",
            "grossProfit": "1439266000",
            "totalRevenue": "2351643000",
            "costOfRevenue": "912377000",
            "costofGoodsAndServicesSold": "181625000",
            "operatingIncome": "167862000",
            "sellingGeneralAndAdministrative": "49077000",
            "researchAndDevelopment": "None",
            "operatingExpenses": "175880000",
            "investmentIncomeNet": "None",
            "netInterestIncome": "-12357000",
            "interestIncome": "12357000",
            "interestExpense": "12357000",
            "nonInterestIncome": "2364000000",
            "otherNonOperatingIncome": "None",
            "depreciation": "None",
            "depreciationAndAmortization": "126803000",
            "incomeBeforeTax": "155505000",
            "incomeTaxExpense": "37095000",
            "interestAndDebtExpense": "12357000",
            "netIncomeFromContinuingOperations": "118410000",
            "comprehensiveIncomeNetOfTax": "118410000",
            "ebit": "167862000",
            "ebitda": "294665000",
            "netIncome": "118410000"
        },
        {
            "fiscalDateEnding": "2019-06-30",
            "reportedCurrency": "USD",
            "grossProfit": "1349005000",
            "totalRevenue": "2246884000",
            "costOfRevenue": "897879000",
            "costofGoodsAndServicesSold": "192193000",
            "operatingIncome": "193093000",
            "sellingGeneralAndAdministrative": "46539000",
            "researchAndDevelopment": "None",
            "operatingExpenses": "170539000",
            "investmentIncomeNet": "None",
            "netInterestIncome": "-14763000",
            "interestIncome": "14763000",
            "interestExpense": "14763000",
            "nonInterestIncome": "2261647000",
            "otherNonOperatingIncome": "None",
            "depreciation": "None",
            "depreciationAndAmortization": "124000000",
            "incomeBeforeTax": "178330000",
            "incomeTaxExpense": "44697000",
            "interestAndDebtExpense": "14763000",
            "netIncomeFromContinuingOperations": "133633000",
            "comprehensiveIncomeNetOfTax": "133633000",
            "ebit": "193093000",
            "ebitda": "317093000",
            "netIncome": "133633000"
        },
        {
            "fiscalDateEnding": "2019-03-31",
            "reportedCurrency": "USD",
            "grossProfit": "1230571000",
            "totalRevenue": "2074342000",
            "costOfRevenue": "843771000",
            "costofGoodsAndServicesSold": "162477000",
            "operatingIncome": "167795000",
            "sellingGeneralAndAdministrative": "45038000",
            "researchAndDevelopment": "None",
            "operatingExpenses": "167220000",
            "investmentIncomeNet": "None",
            "netInterestIncome": "-13033000",
            "interestIncome": "None",
            "interestExpense": "13033000",
            "nonInterestIncome": "2087375000",
            "otherNonOperatingIncome": "None",
            "depreciation": "None",
            "depreciationAndAmortization": "119900000",
            "incomeBeforeTax": "154762000",
            "incomeTaxExpense": "35161000",
            "interestAndDebtExpense": "13033000",
            "netIncomeFromContinuingOperations": "119601000",
            "comprehensiveIncomeNetOfTax": "119601000",
            "ebit": "167795000",
            "ebitda": "287695000",
            "netIncome": "119601000"
        },
        {
            "fiscalDateEnding": "2018-12-31",
            "reportedCurrency": "USD",
            "grossProfit": "2317842000",
            "totalRevenue": "2317842000",
            "costOfRevenue": "846829000",
            "costofGoodsAndServicesSold": "166280000",
            "operatingIncome": "122740000",
            "sellingGeneralAndAdministrative": "51192000",
            "researchAndDevelopment": "None",
            "operatingExpenses": "168944000",
            "investmentIncomeNet": "None",
            "netInterestIncome": "-11458000",
            "interestIncome": "None",
            "interestExpense": "11458000",
            "nonInterestIncome": "2317842000",
            "otherNonOperatingIncome": "224000",
            "depreciation": "None",
            "depreciationAndAmortization": "114193000",
            "incomeBeforeTax": "111505000",
            "incomeTaxExpense": "22824000",
            "interestAndDebtExpense": "11458000",
            "netIncomeFromContinuingOperations": "122740000",
            "comprehensiveIncomeNetOfTax": "122740000",
            "ebit": "122963000",
            "ebitda": "237156000",
            "netIncome": "88681000"
        },
        {
            "fiscalDateEnding": "2018-09-30",
            "reportedCurrency": "USD",
            "grossProfit": "1369338000",
            "totalRevenue": "2199799000",
            "costOfRevenue": "830461000",
            "costofGoodsAndServicesSold": "183861000",
            "operatingIncome": "174688000",
            "sellingGeneralAndAdministrative": "42449000",
            "researchAndDevelopment": "None",
            "operatingExpenses": "151250000",
            "investmentIncomeNet": "None",
            "netInterestIncome": "-9961000",
            "interestIncome": "None",
            "interestExpense": "9961000",
            "nonInterestIncome": "2209760000",
            "otherNonOperatingIncome": "None",
            "depreciation": "None",
            "depreciationAndAmortization": "108801000",
            "incomeBeforeTax": "164727000",
            "incomeTaxExpense": "33617000",
            "interestAndDebtExpense": "9961000",
            "netIncomeFromContinuingOperations": "131110000",
            "comprehensiveIncomeNetOfTax": "131110000",
            "ebit": "174688000",
            "ebitda": "283489000",
            "netIncome": "131110000"
        },
        {
            "fiscalDateEnding": "2018-06-30",
            "reportedCurrency": "USD",
            "grossProfit": "1354567000",
            "totalRevenue": "2129172000",
            "costOfRevenue": "774605000",
            "costofGoodsAndServicesSold": "164550000",
            "operatingIncome": "214812000",
            "sellingGeneralAndAdministrative": "37306000",
            "researchAndDevelopment": "None",
            "operatingExpenses": "144729000",
            "investmentIncomeNet": "None",
            "netInterestIncome": "-9855000",
            "interestIncome": "None",
            "interestExpense": "9855000",
            "nonInterestIncome": "2139027000",
            "otherNonOperatingIncome": "None",
            "depreciation": "None",
            "depreciationAndAmortization": "107400000",
            "incomeBeforeTax": "204957000",
            "incomeTaxExpense": "53305000",
            "interestAndDebtExpense": "9855000",
            "netIncomeFromContinuingOperations": "151652000",
            "comprehensiveIncomeNetOfTax": "151652000",
            "ebit": "214812000",
            "ebitda": "322212000",
            "netIncome": "151652000"
        },
        {
            "fiscalDateEnding": "2018-03-31",
            "reportedCurrency": "USD",
            "grossProfit": "1297970000",
            "totalRevenue": "1936278000",
            "costOfRevenue": "638308000",
            "costofGoodsAndServicesSold": "155717000",
            "operatingIncome": "168781000",
            "sellingGeneralAndAdministrative": "32326000",
            "researchAndDevelopment": "None",
            "operatingExpenses": "35141000",
            "investmentIncomeNet": "None",
            "netInterestIncome": "-9152000",
            "interestIncome": "None",
            "interestExpense": "9152000",
            "nonInterestIncome": "1945430000",
            "otherNonOperatingIncome": "None",
            "depreciation": "None",
            "depreciationAndAmortization": "105583000",
            "incomeBeforeTax": "159629000",
            "incomeTaxExpense": "41487000",
            "interestAndDebtExpense": "9152000",
            "netIncomeFromContinuingOperations": "118142000",
            "comprehensiveIncomeNetOfTax": "118142000",
            "ebit": "168781000",
            "ebitda": "274364000",
            "netIncome": "118142000"
        }
    ]
}