{
    "symbol": "L",
    "annualReports": [
        {
            "fiscalDateEnding": "2022-12-31",
            "reportedCurrency": "USD",
            "grossProfit": "-802000000",
            "totalRevenue": "14044000000",
            "costOfRevenue": "14846000000",
            "costofGoodsAndServicesSold": "None",
            "operatingIncome": "-4455000000",
            "sellingGeneralAndAdministrative": "34000000",
            "researchAndDevelopment": "None",
            "operatingExpenses": "3653000000",
            "investmentIncomeNet": "-84000000",
            "netInterestIncome": "-378000000",
            "interestIncome": "355000000",
            "interestExpense": "378000000",
            "nonInterestIncome": "10734000000",
            "otherNonOperatingIncome": "None",
            "depreciation": "None",
            "depreciationAndAmortization": "509000000",
            "incomeBeforeTax": "1290000000",
            "incomeTaxExpense": "278000000",
            "interestAndDebtExpense": "378000000",
            "netIncomeFromContinuingOperations": "1103000000",
            "comprehensiveIncomeNetOfTax": "-2458000000",
            "ebit": "1668000000",
            "ebitda": "2177000000",
            "netIncome": "1012000000"
        },
        {
            "fiscalDateEnding": "2021-12-31",
            "reportedCurrency": "USD",
            "grossProfit": "-32000000",
            "totalRevenue": "14657000000",
            "costOfRevenue": "14689000000",
            "costofGoodsAndServicesSold": "None",
            "operatingIncome": "-3521000000",
            "sellingGeneralAndAdministrative": "33000000",
            "researchAndDevelopment": "None",
            "operatingExpenses": "3489000000",
            "investmentIncomeNet": "-75000000",
            "netInterestIncome": "-424000000",
            "interestIncome": "428000000",
            "interestExpense": "424000000",
            "nonInterestIncome": "10179000000",
            "otherNonOperatingIncome": "None",
            "depreciation": "None",
            "depreciationAndAmortization": "515000000",
            "incomeBeforeTax": "2057000000",
            "incomeTaxExpense": "479000000",
            "interestAndDebtExpense": "424000000",
            "netIncomeFromContinuingOperations": "1703000000",
            "comprehensiveIncomeNetOfTax": "1183000000",
            "ebit": "2481000000",
            "ebitda": "2996000000",
            "netIncome": "1578000000"
        },
        {
            "fiscalDateEnding": "2020-12-31",
            "reportedCurrency": "USD",
            "grossProfit": "-2769000000",
            "totalRevenue": "12583000000",
            "costOfRevenue": "15352000000",
            "costofGoodsAndServicesSold": "None",
            "operatingIncome": "-9143000000",
            "sellingGeneralAndAdministrative": "37000000",
            "researchAndDevelopment": "None",
            "operatingExpenses": "6374000000",
            "investmentIncomeNet": "-76000000",
            "netInterestIncome": "-515000000",
            "interestIncome": "515000000",
            "interestExpense": "515000000",
            "nonInterestIncome": "10481000000",
            "otherNonOperatingIncome": "None",
            "depreciation": "None",
            "depreciationAndAmortization": "734000000",
            "incomeBeforeTax": "-1104000000",
            "incomeTaxExpense": "-173000000",
            "interestAndDebtExpense": "515000000",
            "netIncomeFromContinuingOperations": "-1291000000",
            "comprehensiveIncomeNetOfTax": "-282000000",
            "ebit": "-589000000",
            "ebitda": "145000000",
            "netIncome": "-931000000"
        },
        {
            "fiscalDateEnding": "2019-12-31",
            "reportedCurrency": "USD",
            "grossProfit": "-225000000",
            "totalRevenue": "14931000000",
            "costOfRevenue": "15156000000",
            "costofGoodsAndServicesSold": "1082000000",
            "operatingIncome": "-6254000000",
            "sellingGeneralAndAdministrative": "37000000",
            "researchAndDevelopment": "None",
            "operatingExpenses": "6029000000",
            "investmentIncomeNet": "-75000000",
            "netInterestIncome": "-591000000",
            "interestIncome": "591000000",
            "interestExpense": "591000000",
            "nonInterestIncome": "11295000000",
            "otherNonOperatingIncome": "None",
            "depreciation": "None",
            "depreciationAndAmortization": "943000000",
            "incomeBeforeTax": "1180000000",
            "incomeTaxExpense": "248000000",
            "interestAndDebtExpense": "591000000",
            "netIncomeFromContinuingOperations": "940000000",
            "comprehensiveIncomeNetOfTax": "1744000000",
            "ebit": "1771000000",
            "ebitda": "2714000000",
            "netIncome": "932000000"
        },
        {
            "fiscalDateEnding": "2018-12-31",
            "reportedCurrency": "USD",
            "grossProfit": "-447000000",
            "totalRevenue": "14066000000",
            "costOfRevenue": "14513000000",
            "costofGoodsAndServicesSold": "923000000",
            "operatingIncome": "-6386000000",
            "sellingGeneralAndAdministrative": "155000000",
            "researchAndDevelopment": "None",
            "operatingExpenses": "5939000000",
            "investmentIncomeNet": "-61000000",
            "netInterestIncome": "-574000000",
            "interestIncome": "574000000",
            "interestExpense": "574000000",
            "nonInterestIncome": "11198000000",
            "otherNonOperatingIncome": "None",
            "depreciation": "None",
            "depreciationAndAmortization": "912000000",
            "incomeBeforeTax": "764000000",
            "incomeTaxExpense": "128000000",
            "interestAndDebtExpense": "574000000",
            "netIncomeFromContinuingOperations": "779000000",
            "comprehensiveIncomeNetOfTax": "-161000000",
            "ebit": "1338000000",
            "ebitda": "2250000000",
            "netIncome": "636000000"
        }
    ],
    "quarterlyReports": [
        {
            "fiscalDateEnding": "2022-12-31",
            "reportedCurrency": "USD",
            "grossProfit": "-546000000",
            "totalRevenue": "3793000000",
            "costOfRevenue": "4339000000",
            "costofGoodsAndServicesSold": "1683000000",
            "operatingIncome": "-2033000000",
            "sellingGeneralAndAdministrative": "None",
            "researchAndDevelopment": "None",
            "operatingExpenses": "1487000000",
            "investmentIncomeNet": "-22000000",
            "netInterestIncome": "-94000000",
            "interestIncome": "40000000",
            "interestExpense": "94000000",
            "nonInterestIncome": "2779000000",
            "otherNonOperatingIncome": "None",
            "depreciation": "None",
            "depreciationAndAmortization": "389000000",
            "incomeBeforeTax": "452000000",
            "incomeTaxExpense": "88000000",
            "interestAndDebtExpense": "94000000",
            "netIncomeFromContinuingOperations": "388000000",
            "comprehensiveIncomeNetOfTax": "883000000",
            "ebit": "546000000",
            "ebitda": "323000000",
            "netIncome": "364000000"
        },
        {
            "fiscalDateEnding": "2022-09-30",
            "reportedCurrency": "USD",
            "grossProfit": "-252000000",
            "totalRevenue": "3461000000",
            "costOfRevenue": "3713000000",
            "costofGoodsAndServicesSold": "1665000000",
            "operatingIncome": "-1012000000",
            "sellingGeneralAndAdministrative": "None",
            "researchAndDevelopment": "None",
            "operatingExpenses": "760000000",
            "investmentIncomeNet": "-21000000",
            "netInterestIncome": "-92000000",
            "interestIncome": "94000000",
            "interestExpense": "92000000",
            "nonInterestIncome": "2721000000",
            "otherNonOperatingIncome": "None",
            "depreciation": "None",
            "depreciationAndAmortization": "383000000",
            "incomeBeforeTax": "177000000",
            "incomeTaxExpense": "47000000",
            "interestAndDebtExpense": "92000000",
            "netIncomeFromContinuingOperations": "143000000",
            "comprehensiveIncomeNetOfTax": "-1163000000",
            "ebit": "269000000",
            "ebitda": "269000000",
            "netIncome": "130000000"
        },
        {
            "fiscalDateEnding": "2022-06-30",
            "reportedCurrency": "USD",
            "grossProfit": "-152000000",
            "totalRevenue": "3388000000",
            "costOfRevenue": "3540000000",
            "costofGoodsAndServicesSold": "1583000000",
            "operatingIncome": "-867000000",
            "sellingGeneralAndAdministrative": "None",
            "researchAndDevelopment": "None",
            "operatingExpenses": "715000000",
            "investmentIncomeNet": "-22000000",
            "netInterestIncome": "-96000000",
            "interestIncome": "166000000",
            "interestExpense": "96000000",
            "nonInterestIncome": "2660000000",
            "otherNonOperatingIncome": "None",
            "depreciation": "None",
            "depreciationAndAmortization": "374000000",
            "incomeBeforeTax": "231000000",
            "incomeTaxExpense": "51000000",
            "interestAndDebtExpense": "96000000",
            "netIncomeFromContinuingOperations": "202000000",
            "comprehensiveIncomeNetOfTax": "-1079000000",
            "ebit": "327000000",
            "ebitda": "327000000",
            "netIncome": "180000000"
        },
        {
            "fiscalDateEnding": "2022-03-31",
            "reportedCurrency": "USD",
            "grossProfit": "148000000",
            "totalRevenue": "3402000000",
            "costOfRevenue": "3254000000",
            "costofGoodsAndServicesSold": "1455000000",
            "operatingIncome": "-543000000",
            "sellingGeneralAndAdministrative": "None",
            "researchAndDevelopment": "None",
            "operatingExpenses": "691000000",
            "investmentIncomeNet": "-19000000",
            "netInterestIncome": "-96000000",
            "interestIncome": "134000000",
            "interestExpense": "96000000",
            "nonInterestIncome": "2575000000",
            "otherNonOperatingIncome": "None",
            "depreciation": "None",
            "depreciationAndAmortization": "344000000",
            "incomeBeforeTax": "430000000",
            "incomeTaxExpense": "92000000",
            "interestAndDebtExpense": "96000000",
            "netIncomeFromContinuingOperations": "370000000",
            "comprehensiveIncomeNetOfTax": "-1099000000",
            "ebit": "526000000",
            "ebitda": "526000000",
            "netIncome": "338000000"
        },
        {
            "fiscalDateEnding": "2021-12-31",
            "reportedCurrency": "USD",
            "grossProfit": "-576000000",
            "totalRevenue": "3661000000",
            "costOfRevenue": "4237000000",
            "costofGoodsAndServicesSold": "1665000000",
            "operatingIncome": "-1857000000",
            "sellingGeneralAndAdministrative": "None",
            "researchAndDevelopment": "None",
            "operatingExpenses": "1281000000",
            "investmentIncomeNet": "-19000000",
            "netInterestIncome": "-100000000",
            "interestIncome": "121000000",
            "interestExpense": "100000000",
            "nonInterestIncome": "2605000000",
            "otherNonOperatingIncome": "None",
            "depreciation": "None",
            "depreciationAndAmortization": "359000000",
            "incomeBeforeTax": "431000000",
            "incomeTaxExpense": "88000000",
            "interestAndDebtExpense": "100000000",
            "netIncomeFromContinuingOperations": "371000000",
            "comprehensiveIncomeNetOfTax": "338000000",
            "ebit": "531000000",
            "ebitda": "531000000",
            "netIncome": "343000000"
        },
        {
            "fiscalDateEnding": "2021-09-30",
            "reportedCurrency": "USD",
            "grossProfit": "-261000000",
            "totalRevenue": "3371000000",
            "costOfRevenue": "3632000000",
            "costofGoodsAndServicesSold": "1632000000",
            "operatingIncome": "-899000000",
            "sellingGeneralAndAdministrative": "None",
            "researchAndDevelopment": "None",
            "operatingExpenses": "638000000",
            "investmentIncomeNet": "-18000000",
            "netInterestIncome": "-99000000",
            "interestIncome": "101000000",
            "interestExpense": "99000000",
            "nonInterestIncome": "2484000000",
            "otherNonOperatingIncome": "None",
            "depreciation": "None",
            "depreciationAndAmortization": "368000000",
            "incomeBeforeTax": "278000000",
            "incomeTaxExpense": "58000000",
            "interestAndDebtExpense": "99000000",
            "netIncomeFromContinuingOperations": "246000000",
            "comprehensiveIncomeNetOfTax": "84000000",
            "ebit": "377000000",
            "ebitda": "377000000",
            "netIncome": "220000000"
        },
        {
            "fiscalDateEnding": "2021-06-30",
            "reportedCurrency": "USD",
            "grossProfit": "554000000",
            "totalRevenue": "4003000000",
            "costOfRevenue": "3449000000",
            "costofGoodsAndServicesSold": "1546000000",
            "operatingIncome": "-102000000",
            "sellingGeneralAndAdministrative": "None",
            "researchAndDevelopment": "None",
            "operatingExpenses": "656000000",
            "investmentIncomeNet": "-18000000",
            "netInterestIncome": "-100000000",
            "interestIncome": "83000000",
            "interestExpense": "100000000",
            "nonInterestIncome": "2431000000",
            "otherNonOperatingIncome": "None",
            "depreciation": "None",
            "depreciationAndAmortization": "357000000",
            "incomeBeforeTax": "973000000",
            "incomeTaxExpense": "219000000",
            "interestAndDebtExpense": "100000000",
            "netIncomeFromContinuingOperations": "793000000",
            "comprehensiveIncomeNetOfTax": "1047000000",
            "ebit": "1073000000",
            "ebitda": "1073000000",
            "netIncome": "754000000"
        },
        {
            "fiscalDateEnding": "2021-03-31",
            "reportedCurrency": "USD",
            "grossProfit": "251000000",
            "totalRevenue": "3622000000",
            "costOfRevenue": "3371000000",
            "costofGoodsAndServicesSold": "1506000000",
            "operatingIncome": "-663000000",
            "sellingGeneralAndAdministrative": "None",
            "researchAndDevelopment": "None",
            "operatingExpenses": "914000000",
            "investmentIncomeNet": "-20000000",
            "netInterestIncome": "-125000000",
            "interestIncome": "125000000",
            "interestExpense": "125000000",
            "nonInterestIncome": "2659000000",
            "otherNonOperatingIncome": "None",
            "depreciation": "None",
            "depreciationAndAmortization": "359000000",
            "incomeBeforeTax": "375000000",
            "incomeTaxExpense": "114000000",
            "interestAndDebtExpense": "125000000",
            "netIncomeFromContinuingOperations": "293000000",
            "comprehensiveIncomeNetOfTax": "-286000000",
            "ebit": "500000000",
            "ebitda": "500000000",
            "netIncome": "261000000"
        },
        {
            "fiscalDateEnding": "2020-12-31",
            "reportedCurrency": "USD",
            "grossProfit": "3709000000",
            "totalRevenue": "3709000000",
            "costOfRevenue": "4866000000",
            "costofGoodsAndServicesSold": "None",
            "operatingIncome": "3709000000",
            "sellingGeneralAndAdministrative": "None",
            "researchAndDevelopment": "None",
            "operatingExpenses": "2480000000",
            "investmentIncomeNet": "-18000000",
            "netInterestIncome": "-111000000",
            "interestIncome": "111000000",
            "interestExpense": "111000000",
            "nonInterestIncome": "2664000000",
            "otherNonOperatingIncome": "None",
            "depreciation": "None",
            "depreciationAndAmortization": "None",
            "incomeBeforeTax": "508000000",
            "incomeTaxExpense": "111000000",
            "interestAndDebtExpense": "111000000",
            "netIncomeFromContinuingOperations": "3709000000",
            "comprehensiveIncomeNetOfTax": "740000000",
            "ebit": "619000000",
            "ebitda": "619000000",
            "netIncome": "397000000"
        },
        {
            "fiscalDateEnding": "2020-09-30",
            "reportedCurrency": "USD",
            "grossProfit": "-201000000",
            "totalRevenue": "3465000000",
            "costOfRevenue": "3666000000",
            "costofGoodsAndServicesSold": "None",
            "operatingIncome": "-1077000000",
            "sellingGeneralAndAdministrative": "None",
            "researchAndDevelopment": "None",
            "operatingExpenses": "876000000",
            "investmentIncomeNet": "-19000000",
            "netInterestIncome": "-137000000",
            "interestIncome": "137000000",
            "interestExpense": "137000000",
            "nonInterestIncome": "2522000000",
            "otherNonOperatingIncome": "None",
            "depreciation": "None",
            "depreciationAndAmortization": "None",
            "incomeBeforeTax": "160000000",
            "incomeTaxExpense": "21000000",
            "interestAndDebtExpense": "137000000",
            "netIncomeFromContinuingOperations": "162000000",
            "comprehensiveIncomeNetOfTax": "372000000",
            "ebit": "297000000",
            "ebitda": "297000000",
            "netIncome": "139000000"
        },
        {
            "fiscalDateEnding": "2020-06-30",
            "reportedCurrency": "USD",
            "grossProfit": "-1316000000",
            "totalRevenue": "2310000000",
            "costOfRevenue": "3626000000",
            "costofGoodsAndServicesSold": "None",
            "operatingIncome": "-2308000000",
            "sellingGeneralAndAdministrative": "None",
            "researchAndDevelopment": "None",
            "operatingExpenses": "992000000",
            "investmentIncomeNet": "-18000000",
            "netInterestIncome": "-123000000",
            "interestIncome": "123000000",
            "interestExpense": "123000000",
            "nonInterestIncome": "2467000000",
            "otherNonOperatingIncome": "None",
            "depreciation": "None",
            "depreciationAndAmortization": "None",
            "incomeBeforeTax": "-1063000000",
            "incomeTaxExpense": "-228000000",
            "interestAndDebtExpense": "123000000",
            "netIncomeFromContinuingOperations": "-846000000",
            "comprehensiveIncomeNetOfTax": "263000000",
            "ebit": "-940000000",
            "ebitda": "-940000000",
            "netIncome": "-835000000"
        },
        {
            "fiscalDateEnding": "2020-03-31",
            "reportedCurrency": "USD",
            "grossProfit": "-95000000",
            "totalRevenue": "3099000000",
            "costOfRevenue": "3194000000",
            "costofGoodsAndServicesSold": "None",
            "operatingIncome": "-2121000000",
            "sellingGeneralAndAdministrative": "None",
            "researchAndDevelopment": "None",
            "operatingExpenses": "2026000000",
            "investmentIncomeNet": "-21000000",
            "netInterestIncome": "-144000000",
            "interestIncome": "144000000",
            "interestExpense": "144000000",
            "nonInterestIncome": "2828000000",
            "otherNonOperatingIncome": "None",
            "depreciation": "None",
            "depreciationAndAmortization": "None",
            "incomeBeforeTax": "-709000000",
            "incomeTaxExpense": "-77000000",
            "interestAndDebtExpense": "144000000",
            "netIncomeFromContinuingOperations": "-1044000000",
            "comprehensiveIncomeNetOfTax": "-1657000000",
            "ebit": "-565000000",
            "ebitda": "-565000000",
            "netIncome": "-632000000"
        },
        {
            "fiscalDateEnding": "2019-12-31",
            "reportedCurrency": "USD",
            "grossProfit": "3876000000",
            "totalRevenue": "3876000000",
            "costOfRevenue": "4684000000",
            "costofGoodsAndServicesSold": "281000000",
            "operatingIncome": "3876000000",
            "sellingGeneralAndAdministrative": "1248000000",
            "researchAndDevelopment": "None",
            "operatingExpenses": "2415000000",
            "investmentIncomeNet": "-19000000",
            "netInterestIncome": "-142000000",
            "interestIncome": "142000000",
            "interestExpense": "142000000",
            "nonInterestIncome": "2926000000",
            "otherNonOperatingIncome": "None",
            "depreciation": "None",
            "depreciationAndAmortization": "None",
            "incomeBeforeTax": "282000000",
            "incomeTaxExpense": "65000000",
            "interestAndDebtExpense": "142000000",
            "netIncomeFromContinuingOperations": "3876000000",
            "comprehensiveIncomeNetOfTax": "132000000",
            "ebit": "424000000",
            "ebitda": "424000000",
            "netIncome": "217000000"
        },
        {
            "fiscalDateEnding": "2019-09-30",
            "reportedCurrency": "USD",
            "grossProfit": "-176000000",
            "totalRevenue": "3675000000",
            "costOfRevenue": "3851000000",
            "costofGoodsAndServicesSold": "278000000",
            "operatingIncome": "-1410000000",
            "sellingGeneralAndAdministrative": "1234000000",
            "researchAndDevelopment": "None",
            "operatingExpenses": "1234000000",
            "investmentIncomeNet": "-19000000",
            "netInterestIncome": "-144000000",
            "interestIncome": "144000000",
            "interestExpense": "144000000",
            "nonInterestIncome": "2830000000",
            "otherNonOperatingIncome": "None",
            "depreciation": "None",
            "depreciationAndAmortization": "None",
            "incomeBeforeTax": "93000000",
            "incomeTaxExpense": "21000000",
            "interestAndDebtExpense": "144000000",
            "netIncomeFromContinuingOperations": "39000000",
            "comprehensiveIncomeNetOfTax": "86000000",
            "ebit": "237000000",
            "ebitda": "237000000",
            "netIncome": "72000000"
        },
        {
            "fiscalDateEnding": "2019-06-30",
            "reportedCurrency": "USD",
            "grossProfit": "318000000",
            "totalRevenue": "3623000000",
            "costOfRevenue": "3305000000",
            "costofGoodsAndServicesSold": "263000000",
            "operatingIncome": "-913000000",
            "sellingGeneralAndAdministrative": "1224000000",
            "researchAndDevelopment": "None",
            "operatingExpenses": "1231000000",
            "investmentIncomeNet": "-18000000",
            "netInterestIncome": "-164000000",
            "interestIncome": "164000000",
            "interestExpense": "164000000",
            "nonInterestIncome": "2769000000",
            "otherNonOperatingIncome": "None",
            "depreciation": "None",
            "depreciationAndAmortization": "None",
            "incomeBeforeTax": "299000000",
            "incomeTaxExpense": "50000000",
            "interestAndDebtExpense": "164000000",
            "netIncomeFromContinuingOperations": "225000000",
            "comprehensiveIncomeNetOfTax": "642000000",
            "ebit": "463000000",
            "ebitda": "463000000",
            "netIncome": "249000000"
        },
        {
            "fiscalDateEnding": "2019-03-31",
            "reportedCurrency": "USD",
            "grossProfit": "441000000",
            "totalRevenue": "3757000000",
            "costOfRevenue": "3316000000",
            "costofGoodsAndServicesSold": "260000000",
            "operatingIncome": "-708000000",
            "sellingGeneralAndAdministrative": "1146000000",
            "researchAndDevelopment": "None",
            "operatingExpenses": "1149000000",
            "investmentIncomeNet": "-19000000",
            "netInterestIncome": "-141000000",
            "interestIncome": "141000000",
            "interestExpense": "141000000",
            "nonInterestIncome": "2770000000",
            "otherNonOperatingIncome": "None",
            "depreciation": "None",
            "depreciationAndAmortization": "None",
            "incomeBeforeTax": "506000000",
            "incomeTaxExpense": "112000000",
            "interestAndDebtExpense": "141000000",
            "netIncomeFromContinuingOperations": "396000000",
            "comprehensiveIncomeNetOfTax": "884000000",
            "ebit": "647000000",
            "ebitda": "647000000",
            "netIncome": "394000000"
        },
        {
            "fiscalDateEnding": "2018-12-31",
            "reportedCurrency": "USD",
            "grossProfit": "3287000000",
            "totalRevenue": "3287000000",
            "costOfRevenue": "5565000000",
            "costofGoodsAndServicesSold": "247000000",
            "operatingIncome": "3287000000",
            "sellingGeneralAndAdministrative": "537000000",
            "researchAndDevelopment": "None",
            "operatingExpenses": "1626000000",
            "investmentIncomeNet": "-16000000",
            "netInterestIncome": "-144000000",
            "interestIncome": "None",
            "interestExpense": "144000000",
            "nonInterestIncome": "2062000000",
            "otherNonOperatingIncome": "None",
            "depreciation": "None",
            "depreciationAndAmortization": "None",
            "incomeBeforeTax": "-186000000",
            "incomeTaxExpense": "-21000000",
            "interestAndDebtExpense": "144000000",
            "netIncomeFromContinuingOperations": "3287000000",
            "comprehensiveIncomeNetOfTax": "-287000000",
            "ebit": "-42000000",
            "ebitda": "-42000000",
            "netIncome": "-165000000"
        },
        {
            "fiscalDateEnding": "2018-09-30",
            "reportedCurrency": "USD",
            "grossProfit": "647000000",
            "totalRevenue": "3608000000",
            "costOfRevenue": "2961000000",
            "costofGoodsAndServicesSold": "235000000",
            "operatingIncome": "-812000000",
            "sellingGeneralAndAdministrative": "1441000000",
            "researchAndDevelopment": "None",
            "operatingExpenses": "1459000000",
            "investmentIncomeNet": "-14000000",
            "netInterestIncome": "-146000000",
            "interestIncome": "None",
            "interestExpense": "146000000",
            "nonInterestIncome": "3062000000",
            "otherNonOperatingIncome": "None",
            "depreciation": "None",
            "depreciationAndAmortization": "None",
            "incomeBeforeTax": "343000000",
            "incomeTaxExpense": "65000000",
            "interestAndDebtExpense": "146000000",
            "netIncomeFromContinuingOperations": "289000000",
            "comprehensiveIncomeNetOfTax": "145000000",
            "ebit": "489000000",
            "ebitda": "489000000",
            "netIncome": "278000000"
        },
        {
            "fiscalDateEnding": "2018-06-30",
            "reportedCurrency": "USD",
            "grossProfit": "577000000",
            "totalRevenue": "3590000000",
            "costOfRevenue": "3013000000",
            "costofGoodsAndServicesSold": "225000000",
            "operatingIncome": "-877000000",
            "sellingGeneralAndAdministrative": "1427000000",
            "researchAndDevelopment": "None",
            "operatingExpenses": "1454000000",
            "investmentIncomeNet": "-16000000",
            "netInterestIncome": "-143000000",
            "interestIncome": "None",
            "interestExpense": "143000000",
            "nonInterestIncome": "3028000000",
            "otherNonOperatingIncome": "None",
            "depreciation": "None",
            "depreciationAndAmortization": "None",
            "incomeBeforeTax": "289000000",
            "incomeTaxExpense": "59000000",
            "interestAndDebtExpense": "143000000",
            "netIncomeFromContinuingOperations": "248000000",
            "comprehensiveIncomeNetOfTax": "51000000",
            "ebit": "432000000",
            "ebitda": "432000000",
            "netIncome": "230000000"
        },
        {
            "fiscalDateEnding": "2018-03-31",
            "reportedCurrency": "USD",
            "grossProfit": "607000000",
            "totalRevenue": "3581000000",
            "costOfRevenue": "2974000000",
            "costofGoodsAndServicesSold": "216000000",
            "operatingIncome": "-793000000",
            "sellingGeneralAndAdministrative": "1400000000",
            "researchAndDevelopment": "None",
            "operatingExpenses": "1400000000",
            "investmentIncomeNet": "-15000000",
            "netInterestIncome": "-141000000",
            "interestIncome": "None",
            "interestExpense": "141000000",
            "nonInterestIncome": "3053000000",
            "otherNonOperatingIncome": "None",
            "depreciation": "None",
            "depreciationAndAmortization": "None",
            "incomeBeforeTax": "318000000",
            "incomeTaxExpense": "25000000",
            "interestAndDebtExpense": "141000000",
            "netIncomeFromContinuingOperations": "380000000",
            "comprehensiveIncomeNetOfTax": "-70000000",
            "ebit": "459000000",
            "ebitda": "459000000",
            "netIncome": "293000000"
        }
    ]
}