{
    "symbol": "ULTA",
    "annualReports": [
        {
            "fiscalDateEnding": "2023-01-28",
            "reportedCurrency": "USD",
            "grossProfit": "4044510000",
            "totalRevenue": "10208580000",
            "costOfRevenue": "6164070000",
            "costofGoodsAndServicesSold": "6164070000",
            "operatingIncome": "1638610000",
            "sellingGeneralAndAdministrative": "2395299000",
            "researchAndDevelopment": "None",
            "operatingExpenses": "2413602000",
            "investmentIncomeNet": "None",
            "netInterestIncome": "4934000",
            "interestIncome": "None",
            "interestExpense": "4934000",
            "nonInterestIncome": "-6688000",
            "otherNonOperatingIncome": "None",
            "depreciation": "None",
            "depreciationAndAmortization": "1014000",
            "incomeBeforeTax": "1643544000",
            "incomeTaxExpense": "401136000",
            "interestAndDebtExpense": "None",
            "netIncomeFromContinuingOperations": "1242408000",
            "comprehensiveIncomeNetOfTax": "1242408000",
            "ebit": "1638610000",
            "ebitda": "1639624000",
            "netIncome": "1242408000"
        },
        {
            "fiscalDateEnding": "2022-01-29",
            "reportedCurrency": "USD",
            "grossProfit": "3368554000",
            "totalRevenue": "8630889000",
            "costOfRevenue": "5262335000",
            "costofGoodsAndServicesSold": "5262335000",
            "operatingIncome": "1297492000",
            "sellingGeneralAndAdministrative": "2061545000",
            "researchAndDevelopment": "None",
            "operatingExpenses": "2077346000",
            "investmentIncomeNet": "None",
            "netInterestIncome": "-1663000",
            "interestIncome": "None",
            "interestExpense": "1663000",
            "nonInterestIncome": "-5414000",
            "otherNonOperatingIncome": "None",
            "depreciation": "None",
            "depreciationAndAmortization": "926000",
            "incomeBeforeTax": "1295829000",
            "incomeTaxExpense": "309992000",
            "interestAndDebtExpense": "None",
            "netIncomeFromContinuingOperations": "985837000",
            "comprehensiveIncomeNetOfTax": "985781000",
            "ebit": "1297492000",
            "ebitda": "1298418000",
            "netIncome": "985837000"
        },
        {
            "fiscalDateEnding": "2021-01-30",
            "reportedCurrency": "USD",
            "grossProfit": "1949159000",
            "totalRevenue": "6151953000",
            "costOfRevenue": "4202794000",
            "costofGoodsAndServicesSold": "4202794000",
            "operatingIncome": "236820000",
            "sellingGeneralAndAdministrative": "1583017000",
            "researchAndDevelopment": "None",
            "operatingExpenses": "1720092000",
            "investmentIncomeNet": "None",
            "netInterestIncome": "-5735000",
            "interestIncome": "None",
            "interestExpense": "234379000",
            "nonInterestIncome": "-6771000",
            "otherNonOperatingIncome": "None",
            "depreciation": "None",
            "depreciationAndAmortization": "926000",
            "incomeBeforeTax": "231085000",
            "incomeTaxExpense": "55250000",
            "interestAndDebtExpense": "None",
            "netIncomeFromContinuingOperations": "175835000",
            "comprehensiveIncomeNetOfTax": "175891000",
            "ebit": "236820000",
            "ebitda": "237746000",
            "netIncome": "175835000"
        },
        {
            "fiscalDateEnding": "2020-02-01",
            "reportedCurrency": "USD",
            "grossProfit": "2681064000",
            "totalRevenue": "7398068000",
            "costOfRevenue": "4717004000",
            "costofGoodsAndServicesSold": "4717004000",
            "operatingIncome": "901094000",
            "sellingGeneralAndAdministrative": "1760716000",
            "researchAndDevelopment": "None",
            "operatingExpenses": "1786746000",
            "investmentIncomeNet": "None",
            "netInterestIncome": "5056000",
            "interestIncome": "5056000",
            "interestExpense": "5056000",
            "nonInterestIncome": "-5850000",
            "otherNonOperatingIncome": "None",
            "depreciation": "None",
            "depreciationAndAmortization": "926000",
            "incomeBeforeTax": "906150000",
            "incomeTaxExpense": "200205000",
            "interestAndDebtExpense": "None",
            "netIncomeFromContinuingOperations": "705945000",
            "comprehensiveIncomeNetOfTax": "705945000",
            "ebit": "901094000",
            "ebitda": "902020000",
            "netIncome": "705945000"
        },
        {
            "fiscalDateEnding": "2019-02-02",
            "reportedCurrency": "USD",
            "grossProfit": "2409311000",
            "totalRevenue": "6716615000",
            "costOfRevenue": "4307304000",
            "costofGoodsAndServicesSold": "4307304000",
            "operatingIncome": "854080000",
            "sellingGeneralAndAdministrative": "1535464000",
            "researchAndDevelopment": "None",
            "operatingExpenses": "1558430000",
            "investmentIncomeNet": "None",
            "netInterestIncome": "5061000",
            "interestIncome": "5061000",
            "interestExpense": "5061000",
            "nonInterestIncome": "-2885000",
            "otherNonOperatingIncome": "None",
            "depreciation": "None",
            "depreciationAndAmortization": "314000",
            "incomeBeforeTax": "859141000",
            "incomeTaxExpense": "200582000",
            "interestAndDebtExpense": "None",
            "netIncomeFromContinuingOperations": "658559000",
            "comprehensiveIncomeNetOfTax": "658559000",
            "ebit": "854080000",
            "ebitda": "854394000",
            "netIncome": "658559000"
        }
    ],
    "quarterlyReports": [
        {
            "fiscalDateEnding": "2023-01-28",
            "reportedCurrency": "USD",
            "grossProfit": "1212503000",
            "totalRevenue": "3226773000",
            "costOfRevenue": "2014270000",
            "costofGoodsAndServicesSold": "2014270000",
            "operatingIncome": "447618000",
            "sellingGeneralAndAdministrative": "762706000",
            "researchAndDevelopment": "None",
            "operatingExpenses": "768695000",
            "investmentIncomeNet": "None",
            "netInterestIncome": "4378000",
            "interestIncome": "None",
            "interestExpense": "4378000",
            "nonInterestIncome": "-2796000",
            "otherNonOperatingIncome": "None",
            "depreciation": "None",
            "depreciationAndAmortization": "59190000",
            "incomeBeforeTax": "451996000",
            "incomeTaxExpense": "111245000",
            "interestAndDebtExpense": "None",
            "netIncomeFromContinuingOperations": "340751000",
            "comprehensiveIncomeNetOfTax": "340751000",
            "ebit": "447618000",
            "ebitda": "506808000",
            "netIncome": "340751000"
        },
        {
            "fiscalDateEnding": "2022-10-29",
            "reportedCurrency": "USD",
            "grossProfit": "962817000",
            "totalRevenue": "2338793000",
            "costOfRevenue": "1375976000",
            "costofGoodsAndServicesSold": "1375976000",
            "operatingIncome": "361856000",
            "sellingGeneralAndAdministrative": "597164000",
            "researchAndDevelopment": "None",
            "operatingExpenses": "600961000",
            "investmentIncomeNet": "None",
            "netInterestIncome": "849000",
            "interestIncome": "None",
            "interestExpense": "849000",
            "nonInterestIncome": "-1615000",
            "otherNonOperatingIncome": "None",
            "depreciation": "None",
            "depreciationAndAmortization": "58461000",
            "incomeBeforeTax": "362705000",
            "incomeTaxExpense": "88120000",
            "interestAndDebtExpense": "None",
            "netIncomeFromContinuingOperations": "274585000",
            "comprehensiveIncomeNetOfTax": "274585000",
            "ebit": "361856000",
            "ebitda": "420317000",
            "netIncome": "274585000"
        },
        {
            "fiscalDateEnding": "2022-07-30",
            "reportedCurrency": "USD",
            "grossProfit": "928164000",
            "totalRevenue": "2297113000",
            "costOfRevenue": "1368949000",
            "costofGoodsAndServicesSold": "1368949000",
            "operatingIncome": "391428000",
            "sellingGeneralAndAdministrative": "534459000",
            "researchAndDevelopment": "None",
            "operatingExpenses": "536736000",
            "investmentIncomeNet": "None",
            "netInterestIncome": "108000",
            "interestIncome": "None",
            "interestExpense": "108000",
            "nonInterestIncome": "-1275000",
            "otherNonOperatingIncome": "None",
            "depreciation": "None",
            "depreciationAndAmortization": "60882000",
            "incomeBeforeTax": "391536000",
            "incomeTaxExpense": "95859000",
            "interestAndDebtExpense": "None",
            "netIncomeFromContinuingOperations": "295677000",
            "comprehensiveIncomeNetOfTax": "295677000",
            "ebit": "391428000",
            "ebitda": "452310000",
            "netIncome": "295677000"
        },
        {
            "fiscalDateEnding": "2022-04-30",
            "reportedCurrency": "USD",
            "grossProfit": "941026000",
            "totalRevenue": "2345901000",
            "costOfRevenue": "1404875000",
            "costofGoodsAndServicesSold": "1404875000",
            "operatingIncome": "437708000",
            "sellingGeneralAndAdministrative": "500970000",
            "researchAndDevelopment": "None",
            "operatingExpenses": "504320000",
            "investmentIncomeNet": "None",
            "netInterestIncome": "-401000",
            "interestIncome": "None",
            "interestExpense": "401000",
            "nonInterestIncome": "-1002000",
            "otherNonOperatingIncome": "None",
            "depreciation": "None",
            "depreciationAndAmortization": "62839000",
            "incomeBeforeTax": "437307000",
            "incomeTaxExpense": "105912000",
            "interestAndDebtExpense": "None",
            "netIncomeFromContinuingOperations": "331395000",
            "comprehensiveIncomeNetOfTax": "331395000",
            "ebit": "437708000",
            "ebitda": "500547000",
            "netIncome": "331395000"
        },
        {
            "fiscalDateEnding": "2022-01-29",
            "reportedCurrency": "USD",
            "grossProfit": "1027329000",
            "totalRevenue": "2729388000",
            "costOfRevenue": "1702059000",
            "costofGoodsAndServicesSold": "1702059000",
            "operatingIncome": "375622000",
            "sellingGeneralAndAdministrative": "649968000",
            "researchAndDevelopment": "None",
            "operatingExpenses": "654634000",
            "investmentIncomeNet": "None",
            "netInterestIncome": "-467000",
            "interestIncome": "None",
            "interestExpense": "467000",
            "nonInterestIncome": "-2057000",
            "otherNonOperatingIncome": "None",
            "depreciation": "None",
            "depreciationAndAmortization": "63726000",
            "incomeBeforeTax": "375155000",
            "incomeTaxExpense": "85789000",
            "interestAndDebtExpense": "None",
            "netIncomeFromContinuingOperations": "289366000",
            "comprehensiveIncomeNetOfTax": "289310000",
            "ebit": "375622000",
            "ebitda": "439348000",
            "netIncome": "289366000"
        },
        {
            "fiscalDateEnding": "2021-10-30",
            "reportedCurrency": "USD",
            "grossProfit": "789474000",
            "totalRevenue": "1995775000",
            "costOfRevenue": "1206301000",
            "costofGoodsAndServicesSold": "1206301000",
            "operatingIncome": "284239000",
            "sellingGeneralAndAdministrative": "503403000",
            "researchAndDevelopment": "None",
            "operatingExpenses": "505235000",
            "investmentIncomeNet": "None",
            "netInterestIncome": "-413000",
            "interestIncome": "None",
            "interestExpense": "413000",
            "nonInterestIncome": "-1654000",
            "otherNonOperatingIncome": "None",
            "depreciation": "None",
            "depreciationAndAmortization": "65157000",
            "incomeBeforeTax": "283826000",
            "incomeTaxExpense": "68537000",
            "interestAndDebtExpense": "None",
            "netIncomeFromContinuingOperations": "215289000",
            "comprehensiveIncomeNetOfTax": "215289000",
            "ebit": "284239000",
            "ebitda": "349396000",
            "netIncome": "215289000"
        },
        {
            "fiscalDateEnding": "2021-07-31",
            "reportedCurrency": "USD",
            "grossProfit": "797963000",
            "totalRevenue": "1967207000",
            "costOfRevenue": "1169244000",
            "costofGoodsAndServicesSold": "1169244000",
            "operatingIncome": "332307000",
            "sellingGeneralAndAdministrative": "464299000",
            "researchAndDevelopment": "None",
            "operatingExpenses": "465656000",
            "investmentIncomeNet": "None",
            "netInterestIncome": "-425000",
            "interestIncome": "None",
            "interestExpense": "425000",
            "nonInterestIncome": "-1647000",
            "otherNonOperatingIncome": "None",
            "depreciation": "None",
            "depreciationAndAmortization": "68978000",
            "incomeBeforeTax": "331882000",
            "incomeTaxExpense": "80989000",
            "interestAndDebtExpense": "None",
            "netIncomeFromContinuingOperations": "250893000",
            "comprehensiveIncomeNetOfTax": "250893000",
            "ebit": "332307000",
            "ebitda": "401285000",
            "netIncome": "250893000"
        },
        {
            "fiscalDateEnding": "2021-05-01",
            "reportedCurrency": "USD",
            "grossProfit": "753788000",
            "totalRevenue": "1938519000",
            "costOfRevenue": "1184731000",
            "costofGoodsAndServicesSold": "1184731000",
            "operatingIncome": "305324000",
            "sellingGeneralAndAdministrative": "443875000",
            "researchAndDevelopment": "None",
            "operatingExpenses": "449553000",
            "investmentIncomeNet": "None",
            "netInterestIncome": "-358000",
            "interestIncome": "None",
            "interestExpense": "358000",
            "nonInterestIncome": "-56000",
            "otherNonOperatingIncome": "None",
            "depreciation": "None",
            "depreciationAndAmortization": "70599000",
            "incomeBeforeTax": "304966000",
            "incomeTaxExpense": "74677000",
            "interestAndDebtExpense": "None",
            "netIncomeFromContinuingOperations": "-56000",
            "comprehensiveIncomeNetOfTax": "230289000",
            "ebit": "305324000",
            "ebitda": "375923000",
            "netIncome": "230289000"
        },
        {
            "fiscalDateEnding": "2021-01-30",
            "reportedCurrency": "USD",
            "grossProfit": "771028000",
            "totalRevenue": "2198701000",
            "costOfRevenue": "1427673000",
            "costofGoodsAndServicesSold": "1427673000",
            "operatingIncome": "224272000",
            "sellingGeneralAndAdministrative": "514140000",
            "researchAndDevelopment": "None",
            "operatingExpenses": "546756000",
            "investmentIncomeNet": "None",
            "netInterestIncome": "-463000",
            "interestIncome": "None",
            "interestExpense": "463000",
            "nonInterestIncome": "-1552000",
            "otherNonOperatingIncome": "None",
            "depreciation": "None",
            "depreciationAndAmortization": "132182000",
            "incomeBeforeTax": "223809000",
            "incomeTaxExpense": "52315000",
            "interestAndDebtExpense": "None",
            "netIncomeFromContinuingOperations": "171494000",
            "comprehensiveIncomeNetOfTax": "171636000",
            "ebit": "224272000",
            "ebitda": "356454000",
            "netIncome": "171494000"
        },
        {
            "fiscalDateEnding": "2020-10-31",
            "reportedCurrency": "USD",
            "grossProfit": "545519000",
            "totalRevenue": "1552033000",
            "costOfRevenue": "1006514000",
            "costofGoodsAndServicesSold": "1006514000",
            "operatingIncome": "101277000",
            "sellingGeneralAndAdministrative": "416378000",
            "researchAndDevelopment": "None",
            "operatingExpenses": "444242000",
            "investmentIncomeNet": "None",
            "netInterestIncome": "-1383000",
            "interestIncome": "None",
            "interestExpense": "1383000",
            "nonInterestIncome": "-116000",
            "otherNonOperatingIncome": "None",
            "depreciation": "None",
            "depreciationAndAmortization": "72357000",
            "incomeBeforeTax": "99894000",
            "incomeTaxExpense": "25096000",
            "interestAndDebtExpense": "None",
            "netIncomeFromContinuingOperations": "74798000",
            "comprehensiveIncomeNetOfTax": "74682000",
            "ebit": "101277000",
            "ebitda": "220882000",
            "netIncome": "74798000"
        },
        {
            "fiscalDateEnding": "2020-08-01",
            "reportedCurrency": "USD",
            "grossProfit": "329007000",
            "totalRevenue": "1228009000",
            "costOfRevenue": "899002000",
            "costofGoodsAndServicesSold": "899002000",
            "operatingIncome": "12755000",
            "sellingGeneralAndAdministrative": "271587000",
            "researchAndDevelopment": "None",
            "operatingExpenses": "316252000",
            "investmentIncomeNet": "None",
            "netInterestIncome": "-2617000",
            "interestIncome": "None",
            "interestExpense": "2617000",
            "nonInterestIncome": "105000",
            "otherNonOperatingIncome": "None",
            "depreciation": "None",
            "depreciationAndAmortization": "77403000",
            "incomeBeforeTax": "10138000",
            "incomeTaxExpense": "2086000",
            "interestAndDebtExpense": "None",
            "netIncomeFromContinuingOperations": "105000",
            "comprehensiveIncomeNetOfTax": "8157000",
            "ebit": "12755000",
            "ebitda": "171674000",
            "netIncome": "8052000"
        },
        {
            "fiscalDateEnding": "2020-05-02",
            "reportedCurrency": "USD",
            "grossProfit": "303605000",
            "totalRevenue": "1173210000",
            "costOfRevenue": "869605000",
            "costofGoodsAndServicesSold": "869605000",
            "operatingIncome": "-101484000",
            "sellingGeneralAndAdministrative": "380912000",
            "researchAndDevelopment": "None",
            "operatingExpenses": "405089000",
            "investmentIncomeNet": "None",
            "netInterestIncome": "-1272000",
            "interestIncome": "None",
            "interestExpense": "1272000",
            "nonInterestIncome": "-75000",
            "otherNonOperatingIncome": "None",
            "depreciation": "None",
            "depreciationAndAmortization": "76626000",
            "incomeBeforeTax": "-102756000",
            "incomeTaxExpense": "-24247000",
            "interestAndDebtExpense": "None",
            "netIncomeFromContinuingOperations": "-75000",
            "comprehensiveIncomeNetOfTax": "-78584000",
            "ebit": "-101484000",
            "ebitda": "14226000",
            "netIncome": "-78509000"
        },
        {
            "fiscalDateEnding": "2020-02-01",
            "reportedCurrency": "USD",
            "grossProfit": "806885000",
            "totalRevenue": "2305918000",
            "costOfRevenue": "1499033000",
            "costofGoodsAndServicesSold": "1499033000",
            "operatingIncome": "287756000",
            "sellingGeneralAndAdministrative": "515542000",
            "researchAndDevelopment": "None",
            "operatingExpenses": "519129000",
            "investmentIncomeNet": "None",
            "netInterestIncome": "None",
            "interestIncome": "None",
            "interestExpense": "439000",
            "nonInterestIncome": "-1029000",
            "otherNonOperatingIncome": "None",
            "depreciation": "None",
            "depreciationAndAmortization": "76392000",
            "incomeBeforeTax": "288195000",
            "incomeTaxExpense": "65476000",
            "interestAndDebtExpense": "None",
            "netIncomeFromContinuingOperations": "222719000",
            "comprehensiveIncomeNetOfTax": "222719000",
            "ebit": "287756000",
            "ebitda": "364148000",
            "netIncome": "222719000"
        },
        {
            "fiscalDateEnding": "2019-11-02",
            "reportedCurrency": "USD",
            "grossProfit": "623433000",
            "totalRevenue": "1682514000",
            "costOfRevenue": "1059081000",
            "costofGoodsAndServicesSold": "1059081000",
            "operatingIncome": "167780000",
            "sellingGeneralAndAdministrative": "449198000",
            "researchAndDevelopment": "None",
            "operatingExpenses": "455653000",
            "investmentIncomeNet": "None",
            "netInterestIncome": "None",
            "interestIncome": "None",
            "interestExpense": "900000",
            "nonInterestIncome": "-1606000",
            "otherNonOperatingIncome": "None",
            "depreciation": "None",
            "depreciationAndAmortization": "74256000",
            "incomeBeforeTax": "168680000",
            "incomeTaxExpense": "38933000",
            "interestAndDebtExpense": "None",
            "netIncomeFromContinuingOperations": "129747000",
            "comprehensiveIncomeNetOfTax": "129747000",
            "ebit": "167780000",
            "ebitda": "242036000",
            "netIncome": "129747000"
        },
        {
            "fiscalDateEnding": "2019-08-03",
            "reportedCurrency": "USD",
            "grossProfit": "605899000",
            "totalRevenue": "1666607000",
            "costOfRevenue": "1060708000",
            "costofGoodsAndServicesSold": "1060708000",
            "operatingIncome": "208018000",
            "sellingGeneralAndAdministrative": "392843000",
            "researchAndDevelopment": "None",
            "operatingExpenses": "397881000",
            "investmentIncomeNet": "None",
            "netInterestIncome": "None",
            "interestIncome": "None",
            "interestExpense": "1671000",
            "nonInterestIncome": "-1850000",
            "otherNonOperatingIncome": "None",
            "depreciation": "None",
            "depreciationAndAmortization": "73141000",
            "incomeBeforeTax": "209689000",
            "incomeTaxExpense": "48431000",
            "interestAndDebtExpense": "None",
            "netIncomeFromContinuingOperations": "161258000",
            "comprehensiveIncomeNetOfTax": "161258000",
            "ebit": "208018000",
            "ebitda": "281159000",
            "netIncome": "161258000"
        },
        {
            "fiscalDateEnding": "2019-05-04",
            "reportedCurrency": "USD",
            "grossProfit": "644847000",
            "totalRevenue": "1743029000",
            "costOfRevenue": "1098182000",
            "costofGoodsAndServicesSold": "1098182000",
            "operatingIncome": "237540000",
            "sellingGeneralAndAdministrative": "403133000",
            "researchAndDevelopment": "None",
            "operatingExpenses": "407307000",
            "investmentIncomeNet": "None",
            "netInterestIncome": "None",
            "interestIncome": "None",
            "interestExpense": "2046000",
            "nonInterestIncome": "-1365000",
            "otherNonOperatingIncome": "None",
            "depreciation": "None",
            "depreciationAndAmortization": "71810000",
            "incomeBeforeTax": "239586000",
            "incomeTaxExpense": "47365000",
            "interestAndDebtExpense": "None",
            "netIncomeFromContinuingOperations": "192221000",
            "comprehensiveIncomeNetOfTax": "192221000",
            "ebit": "237540000",
            "ebitda": "309350000",
            "netIncome": "192221000"
        },
        {
            "fiscalDateEnding": "2019-02-02",
            "reportedCurrency": "USD",
            "grossProfit": "740859000",
            "totalRevenue": "2124716000",
            "costOfRevenue": "1383857000",
            "costofGoodsAndServicesSold": "1383857000",
            "operatingIncome": "281210000",
            "sellingGeneralAndAdministrative": "457245000",
            "researchAndDevelopment": "None",
            "operatingExpenses": "459649000",
            "investmentIncomeNet": "None",
            "netInterestIncome": "None",
            "interestIncome": "None",
            "interestExpense": "1275000",
            "nonInterestIncome": "-1546000",
            "otherNonOperatingIncome": "None",
            "depreciation": "None",
            "depreciationAndAmortization": "71820000",
            "incomeBeforeTax": "282485000",
            "incomeTaxExpense": "67811000",
            "interestAndDebtExpense": "None",
            "netIncomeFromContinuingOperations": "214674000",
            "comprehensiveIncomeNetOfTax": "214674000",
            "ebit": "281210000",
            "ebitda": "353030000",
            "netIncome": "214674000"
        },
        {
            "fiscalDateEnding": "2018-11-03",
            "reportedCurrency": "USD",
            "grossProfit": "572278000",
            "totalRevenue": "1560011000",
            "costOfRevenue": "987733000",
            "costofGoodsAndServicesSold": "987733000",
            "operatingIncome": "169213000",
            "sellingGeneralAndAdministrative": "395453000",
            "researchAndDevelopment": "None",
            "operatingExpenses": "403065000",
            "investmentIncomeNet": "None",
            "netInterestIncome": "None",
            "interestIncome": "None",
            "interestExpense": "1318000",
            "nonInterestIncome": "-840000",
            "otherNonOperatingIncome": "None",
            "depreciation": "None",
            "depreciationAndAmortization": "69837000",
            "incomeBeforeTax": "170531000",
            "incomeTaxExpense": "39365000",
            "interestAndDebtExpense": "None",
            "netIncomeFromContinuingOperations": "131166000",
            "comprehensiveIncomeNetOfTax": "131166000",
            "ebit": "169213000",
            "ebitda": "239050000",
            "netIncome": "131166000"
        },
        {
            "fiscalDateEnding": "2018-08-04",
            "reportedCurrency": "USD",
            "grossProfit": "535461000",
            "totalRevenue": "1488221000",
            "costOfRevenue": "952760000",
            "costofGoodsAndServicesSold": "952760000",
            "operatingIncome": "193815000",
            "sellingGeneralAndAdministrative": "337142000",
            "researchAndDevelopment": "None",
            "operatingExpenses": "341646000",
            "investmentIncomeNet": "None",
            "netInterestIncome": "None",
            "interestIncome": "None",
            "interestExpense": "1143000",
            "nonInterestIncome": "299000",
            "otherNonOperatingIncome": "None",
            "depreciation": "None",
            "depreciationAndAmortization": "69026000",
            "incomeBeforeTax": "194958000",
            "incomeTaxExpense": "46635000",
            "interestAndDebtExpense": "None",
            "netIncomeFromContinuingOperations": "148323000",
            "comprehensiveIncomeNetOfTax": "148323000",
            "ebit": "193815000",
            "ebitda": "262841000",
            "netIncome": "148323000"
        },
        {
            "fiscalDateEnding": "2018-05-05",
            "reportedCurrency": "USD",
            "grossProfit": "560713000",
            "totalRevenue": "1543667000",
            "costOfRevenue": "982954000",
            "costofGoodsAndServicesSold": "982954000",
            "operatingIncome": "209842000",
            "sellingGeneralAndAdministrative": "345624000",
            "researchAndDevelopment": "None",
            "operatingExpenses": "350871000",
            "investmentIncomeNet": "None",
            "netInterestIncome": "None",
            "interestIncome": "None",
            "interestExpense": "1325000",
            "nonInterestIncome": "-798000",
            "otherNonOperatingIncome": "None",
            "depreciation": "None",
            "depreciationAndAmortization": "68789000",
            "incomeBeforeTax": "211167000",
            "incomeTaxExpense": "46771000",
            "interestAndDebtExpense": "None",
            "netIncomeFromContinuingOperations": "164396000",
            "comprehensiveIncomeNetOfTax": "164396000",
            "ebit": "209842000",
            "ebitda": "278631000",
            "netIncome": "164396000"
        }
    ]
}