{
    "symbol": "AIZ",
    "annualReports": [
        {
            "fiscalDateEnding": "2022-12-31",
            "reportedCurrency": "USD",
            "grossProfit": "1385700000",
            "totalRevenue": "10193000000",
            "costOfRevenue": "8807300000",
            "costofGoodsAndServicesSold": "None",
            "operatingIncome": "1283400000",
            "sellingGeneralAndAdministrative": "7366300000",
            "researchAndDevelopment": "None",
            "operatingExpenses": "102300000",
            "investmentIncomeNet": "-14800000",
            "netInterestIncome": "-108300000",
            "interestIncome": "108300000",
            "interestExpense": "108300000",
            "nonInterestIncome": "8721100000",
            "otherNonOperatingIncome": "-179700000",
            "depreciation": "86300000",
            "depreciationAndAmortization": "94500000",
            "incomeBeforeTax": "349900000",
            "incomeTaxExpense": "73300000",
            "interestAndDebtExpense": "109200000",
            "netIncomeFromContinuingOperations": "276600000",
            "comprehensiveIncomeNetOfTax": "-559600000",
            "ebit": "458200000",
            "ebitda": "552700000",
            "netIncome": "276600000"
        },
        {
            "fiscalDateEnding": "2021-12-31",
            "reportedCurrency": "USD",
            "grossProfit": "-1370900000",
            "totalRevenue": "10187600000",
            "costOfRevenue": "11558500000",
            "costofGoodsAndServicesSold": "None",
            "operatingIncome": "-4702100000",
            "sellingGeneralAndAdministrative": "3246100000",
            "researchAndDevelopment": "None",
            "operatingExpenses": "3331200000",
            "investmentIncomeNet": "-13800000",
            "netInterestIncome": "-111800000",
            "interestIncome": "111800000",
            "interestExpense": "111800000",
            "nonInterestIncome": "8572600000",
            "otherNonOperatingIncome": "128200000",
            "depreciation": "73800000",
            "depreciationAndAmortization": "88900000",
            "incomeBeforeTax": "1530200000",
            "incomeTaxExpense": "168400000",
            "interestAndDebtExpense": "132500000",
            "netIncomeFromContinuingOperations": "602900000",
            "comprehensiveIncomeNetOfTax": "502000000",
            "ebit": "1642000000",
            "ebitda": "1730900000",
            "netIncome": "1361800000"
        },
        {
            "fiscalDateEnding": "2020-12-31",
            "reportedCurrency": "USD",
            "grossProfit": "-2020100000",
            "totalRevenue": "9597600000",
            "costOfRevenue": "12114900000",
            "costofGoodsAndServicesSold": "None",
            "operatingIncome": "-5363800000",
            "sellingGeneralAndAdministrative": "3048300000",
            "researchAndDevelopment": "None",
            "operatingExpenses": "3343700000",
            "investmentIncomeNet": "-25900000",
            "netInterestIncome": "-104500000",
            "interestIncome": "110400000",
            "interestExpense": "104500000",
            "nonInterestIncome": "8353600000",
            "otherNonOperatingIncome": "None",
            "depreciation": "56100000",
            "depreciationAndAmortization": "73900000",
            "incomeBeforeTax": "499500000",
            "incomeTaxExpense": "58700000",
            "interestAndDebtExpense": "104500000",
            "netIncomeFromContinuingOperations": "518500000",
            "comprehensiveIncomeNetOfTax": "739100000",
            "ebit": "604000000",
            "ebitda": "677900000",
            "netIncome": "440800000"
        },
        {
            "fiscalDateEnding": "2019-12-31",
            "reportedCurrency": "USD",
            "grossProfit": "-1861200000",
            "totalRevenue": "9569100000",
            "costOfRevenue": "11948000000",
            "costofGoodsAndServicesSold": "8989500000",
            "operatingIncome": "-5190100000",
            "sellingGeneralAndAdministrative": "3186500000",
            "researchAndDevelopment": "None",
            "operatingExpenses": "3353300000",
            "investmentIncomeNet": "-24500000",
            "netInterestIncome": "-110600000",
            "interestIncome": "273600000",
            "interestExpense": "110600000",
            "nonInterestIncome": "7989500000",
            "otherNonOperatingIncome": "None",
            "depreciation": "51800000",
            "depreciationAndAmortization": "62200000",
            "incomeBeforeTax": "530900000",
            "incomeTaxExpense": "148300000",
            "interestAndDebtExpense": "142000000",
            "netIncomeFromContinuingOperations": "302200000",
            "comprehensiveIncomeNetOfTax": "949500000",
            "ebit": "641500000",
            "ebitda": "703700000",
            "netIncome": "382600000"
        },
        {
            "fiscalDateEnding": "2018-12-31",
            "reportedCurrency": "USD",
            "grossProfit": "-2016700000",
            "totalRevenue": "8057600000",
            "costOfRevenue": "10074300000",
            "costofGoodsAndServicesSold": "7272000000",
            "operatingIncome": "-5105100000",
            "sellingGeneralAndAdministrative": "2980400000",
            "researchAndDevelopment": "None",
            "operatingExpenses": "3110300000",
            "investmentIncomeNet": "-23300000",
            "netInterestIncome": "-100300000",
            "interestIncome": "100300000",
            "interestExpense": "100300000",
            "nonInterestIncome": "6138900000",
            "otherNonOperatingIncome": "None",
            "depreciation": "39000000",
            "depreciationAndAmortization": "77900000",
            "incomeBeforeTax": "331900000",
            "incomeTaxExpense": "80900000",
            "interestAndDebtExpense": "100300000",
            "netIncomeFromContinuingOperations": "252600000",
            "comprehensiveIncomeNetOfTax": "-186500000",
            "ebit": "432200000",
            "ebitda": "510100000",
            "netIncome": "251000000"
        }
    ],
    "quarterlyReports": [
        {
            "fiscalDateEnding": "2022-12-31",
            "reportedCurrency": "USD",
            "grossProfit": "2652800000",
            "totalRevenue": "2652800000",
            "costOfRevenue": "2545400000",
            "costofGoodsAndServicesSold": "None",
            "operatingIncome": "2652800000",
            "sellingGeneralAndAdministrative": "1921500000",
            "researchAndDevelopment": "None",
            "operatingExpenses": "3712100000",
            "investmentIncomeNet": "None",
            "netInterestIncome": "-27900000",
            "interestIncome": "27900000",
            "interestExpense": "27900000",
            "nonInterestIncome": "2239600000",
            "otherNonOperatingIncome": "-179700000",
            "depreciation": "None",
            "depreciationAndAmortization": "41800000",
            "incomeBeforeTax": "96300000",
            "incomeTaxExpense": "28200000",
            "interestAndDebtExpense": "27900000",
            "netIncomeFromContinuingOperations": "68100000",
            "comprehensiveIncomeNetOfTax": "166800000",
            "ebit": "124200000",
            "ebitda": "166000000",
            "netIncome": "68100000"
        },
        {
            "fiscalDateEnding": "2022-09-30",
            "reportedCurrency": "USD",
            "grossProfit": "255400000",
            "totalRevenue": "2547800000",
            "costOfRevenue": "2292400000",
            "costofGoodsAndServicesSold": "None",
            "operatingIncome": "255400000",
            "sellingGeneralAndAdministrative": "1842500000",
            "researchAndDevelopment": "None",
            "operatingExpenses": "1842500000",
            "investmentIncomeNet": "None",
            "netInterestIncome": "-26300000",
            "interestIncome": "26300000",
            "interestExpense": "26300000",
            "nonInterestIncome": "2197300000",
            "otherNonOperatingIncome": "None",
            "depreciation": "None",
            "depreciationAndAmortization": "44800000",
            "incomeBeforeTax": "8500000",
            "incomeTaxExpense": "1200000",
            "interestAndDebtExpense": "26300000",
            "netIncomeFromContinuingOperations": "7300000",
            "comprehensiveIncomeNetOfTax": "-255400000",
            "ebit": "34800000",
            "ebitda": "79600000",
            "netIncome": "7300000"
        },
        {
            "fiscalDateEnding": "2022-06-30",
            "reportedCurrency": "USD",
            "grossProfit": "409700000",
            "totalRevenue": "2509700000",
            "costOfRevenue": "2100000000",
            "costofGoodsAndServicesSold": "None",
            "operatingIncome": "409700000",
            "sellingGeneralAndAdministrative": "1811700000",
            "researchAndDevelopment": "None",
            "operatingExpenses": "1811700000",
            "investmentIncomeNet": "None",
            "netInterestIncome": "-27200000",
            "interestIncome": "27200000",
            "interestExpense": "27200000",
            "nonInterestIncome": "2159600000",
            "otherNonOperatingIncome": "None",
            "depreciation": "None",
            "depreciationAndAmortization": "48100000",
            "incomeBeforeTax": "69900000",
            "incomeTaxExpense": "17700000",
            "interestAndDebtExpense": "28100000",
            "netIncomeFromContinuingOperations": "52200000",
            "comprehensiveIncomeNetOfTax": "-284700000",
            "ebit": "97100000",
            "ebitda": "145200000",
            "netIncome": "52200000"
        },
        {
            "fiscalDateEnding": "2022-03-31",
            "reportedCurrency": "USD",
            "grossProfit": "-1186300000",
            "totalRevenue": "2482700000",
            "costOfRevenue": "3669000000",
            "costofGoodsAndServicesSold": "None",
            "operatingIncome": "-2976800000",
            "sellingGeneralAndAdministrative": "1790500000",
            "researchAndDevelopment": "None",
            "operatingExpenses": "1790500000",
            "investmentIncomeNet": "None",
            "netInterestIncome": "-26900000",
            "interestIncome": "26900000",
            "interestExpense": "26900000",
            "nonInterestIncome": "2124600000",
            "otherNonOperatingIncome": "None",
            "depreciation": "None",
            "depreciationAndAmortization": "47300000",
            "incomeBeforeTax": "170800000",
            "incomeTaxExpense": "25300000",
            "interestAndDebtExpense": "26900000",
            "netIncomeFromContinuingOperations": "145500000",
            "comprehensiveIncomeNetOfTax": "-189800000",
            "ebit": "197700000",
            "ebitda": "245000000",
            "netIncome": "145500000"
        },
        {
            "fiscalDateEnding": "2021-12-31",
            "reportedCurrency": "USD",
            "grossProfit": "2574900000",
            "totalRevenue": "2574900000",
            "costOfRevenue": "5892700000",
            "costofGoodsAndServicesSold": "None",
            "operatingIncome": "2574900000",
            "sellingGeneralAndAdministrative": "939400000",
            "researchAndDevelopment": "None",
            "operatingExpenses": "1027800000",
            "investmentIncomeNet": "None",
            "netInterestIncome": "-27100000",
            "interestIncome": "27100000",
            "interestExpense": "27100000",
            "nonInterestIncome": "2199100000",
            "otherNonOperatingIncome": "128200000",
            "depreciation": "None",
            "depreciationAndAmortization": "86700000",
            "incomeBeforeTax": "155500000",
            "incomeTaxExpense": "34600000",
            "interestAndDebtExpense": "27100000",
            "netIncomeFromContinuingOperations": "124000000",
            "comprehensiveIncomeNetOfTax": "55000000",
            "ebit": "182600000",
            "ebitda": "269300000",
            "netIncome": "120900000"
        },
        {
            "fiscalDateEnding": "2021-09-30",
            "reportedCurrency": "USD",
            "grossProfit": "590400000",
            "totalRevenue": "2637800000",
            "costOfRevenue": "2047400000",
            "costofGoodsAndServicesSold": "None",
            "operatingIncome": "-228600000",
            "sellingGeneralAndAdministrative": "818400000",
            "researchAndDevelopment": "None",
            "operatingExpenses": "819000000",
            "investmentIncomeNet": "None",
            "netInterestIncome": "-27500000",
            "interestIncome": "27500000",
            "interestExpense": "27500000",
            "nonInterestIncome": "2118300000",
            "otherNonOperatingIncome": "None",
            "depreciation": "None",
            "depreciationAndAmortization": "700000",
            "incomeBeforeTax": "917000000",
            "incomeTaxExpense": "37200000",
            "interestAndDebtExpense": "48200000",
            "netIncomeFromContinuingOperations": "151000000",
            "comprehensiveIncomeNetOfTax": "191700000",
            "ebit": "944500000",
            "ebitda": "945200000",
            "netIncome": "879800000"
        },
        {
            "fiscalDateEnding": "2021-06-30",
            "reportedCurrency": "USD",
            "grossProfit": "717700000",
            "totalRevenue": "2542300000",
            "costOfRevenue": "1824600000",
            "costofGoodsAndServicesSold": "None",
            "operatingIncome": "-30300000",
            "sellingGeneralAndAdministrative": "747200000",
            "researchAndDevelopment": "None",
            "operatingExpenses": "748000000",
            "investmentIncomeNet": "None",
            "netInterestIncome": "-28800000",
            "interestIncome": "28800000",
            "interestExpense": "28800000",
            "nonInterestIncome": "2150500000",
            "otherNonOperatingIncome": "None",
            "depreciation": "None",
            "depreciationAndAmortization": "800000",
            "incomeBeforeTax": "258400000",
            "incomeTaxExpense": "52600000",
            "interestAndDebtExpense": "28800000",
            "netIncomeFromContinuingOperations": "186900000",
            "comprehensiveIncomeNetOfTax": "305300000",
            "ebit": "287200000",
            "ebitda": "288000000",
            "netIncome": "205800000"
        },
        {
            "fiscalDateEnding": "2021-03-31",
            "reportedCurrency": "USD",
            "grossProfit": "638800000",
            "totalRevenue": "2432600000",
            "costOfRevenue": "1793800000",
            "costofGoodsAndServicesSold": "None",
            "operatingIncome": "-97600000",
            "sellingGeneralAndAdministrative": "1682400000",
            "researchAndDevelopment": "None",
            "operatingExpenses": "736400000",
            "investmentIncomeNet": "None",
            "netInterestIncome": "-28400000",
            "interestIncome": "28400000",
            "interestExpense": "28400000",
            "nonInterestIncome": "2104700000",
            "otherNonOperatingIncome": "None",
            "depreciation": "None",
            "depreciationAndAmortization": "700000",
            "incomeBeforeTax": "207600000",
            "incomeTaxExpense": "44600000",
            "interestAndDebtExpense": "28400000",
            "netIncomeFromContinuingOperations": "148700000",
            "comprehensiveIncomeNetOfTax": "-42300000",
            "ebit": "236000000",
            "ebitda": "236700000",
            "netIncome": "163000000"
        },
        {
            "fiscalDateEnding": "2020-12-31",
            "reportedCurrency": "USD",
            "grossProfit": "2555100000",
            "totalRevenue": "2418100000",
            "costOfRevenue": "5825300000",
            "costofGoodsAndServicesSold": "None",
            "operatingIncome": "2555100000",
            "sellingGeneralAndAdministrative": "757400000",
            "researchAndDevelopment": "None",
            "operatingExpenses": "871900000",
            "investmentIncomeNet": "None",
            "netInterestIncome": "-26800000",
            "interestIncome": "26800000",
            "interestExpense": "26800000",
            "nonInterestIncome": "2131900000",
            "otherNonOperatingIncome": "None",
            "depreciation": "None",
            "depreciationAndAmortization": "71700000",
            "incomeBeforeTax": "176300000",
            "incomeTaxExpense": "38100000",
            "interestAndDebtExpense": "26800000",
            "netIncomeFromContinuingOperations": "118300000",
            "comprehensiveIncomeNetOfTax": "189800000",
            "ebit": "203100000",
            "ebitda": "274800000",
            "netIncome": "138200000"
        },
        {
            "fiscalDateEnding": "2020-09-30",
            "reportedCurrency": "USD",
            "grossProfit": "257300000",
            "totalRevenue": "2376700000",
            "costOfRevenue": "2245200000",
            "costofGoodsAndServicesSold": "None",
            "operatingIncome": "-568700000",
            "sellingGeneralAndAdministrative": "672900000",
            "researchAndDevelopment": "None",
            "operatingExpenses": "826000000",
            "investmentIncomeNet": "None",
            "netInterestIncome": "-25500000",
            "interestIncome": "25500000",
            "interestExpense": "25500000",
            "nonInterestIncome": "2102400000",
            "otherNonOperatingIncome": "None",
            "depreciation": "None",
            "depreciationAndAmortization": "700000",
            "incomeBeforeTax": "-5700000",
            "incomeTaxExpense": "24500000",
            "interestAndDebtExpense": "25500000",
            "netIncomeFromContinuingOperations": "88300000",
            "comprehensiveIncomeNetOfTax": "59100000",
            "ebit": "19800000",
            "ebitda": "20500000",
            "netIncome": "-30200000"
        },
        {
            "fiscalDateEnding": "2020-06-30",
            "reportedCurrency": "USD",
            "grossProfit": "550400000",
            "totalRevenue": "2352000000",
            "costOfRevenue": "1921200000",
            "costofGoodsAndServicesSold": "None",
            "operatingIncome": "-186600000",
            "sellingGeneralAndAdministrative": "725400000",
            "researchAndDevelopment": "None",
            "operatingExpenses": "737000000",
            "investmentIncomeNet": "None",
            "netInterestIncome": "-26700000",
            "interestIncome": "26300000",
            "interestExpense": "26700000",
            "nonInterestIncome": "2035500000",
            "otherNonOperatingIncome": "None",
            "depreciation": "None",
            "depreciationAndAmortization": "800000",
            "incomeBeforeTax": "222700000",
            "incomeTaxExpense": "44600000",
            "interestAndDebtExpense": "26700000",
            "netIncomeFromContinuingOperations": "164400000",
            "comprehensiveIncomeNetOfTax": "658600000",
            "ebit": "249400000",
            "ebitda": "250200000",
            "netIncome": "178100000"
        },
        {
            "fiscalDateEnding": "2020-03-31",
            "reportedCurrency": "USD",
            "grossProfit": "442400000",
            "totalRevenue": "2448700000",
            "costOfRevenue": "2123200000",
            "costofGoodsAndServicesSold": "None",
            "operatingIncome": "-466400000",
            "sellingGeneralAndAdministrative": "892600000",
            "researchAndDevelopment": "None",
            "operatingExpenses": "908800000",
            "investmentIncomeNet": "None",
            "netInterestIncome": "-25500000",
            "interestIncome": "12400000",
            "interestExpense": "25500000",
            "nonInterestIncome": "2083800000",
            "otherNonOperatingIncome": "None",
            "depreciation": "None",
            "depreciationAndAmortization": "700000",
            "incomeBeforeTax": "106200000",
            "incomeTaxExpense": "-48500000",
            "interestAndDebtExpense": "25500000",
            "netIncomeFromContinuingOperations": "147500000",
            "comprehensiveIncomeNetOfTax": "-168400000",
            "ebit": "131700000",
            "ebitda": "132400000",
            "netIncome": "154700000"
        },
        {
            "fiscalDateEnding": "2019-12-31",
            "reportedCurrency": "USD",
            "grossProfit": "2606400000",
            "totalRevenue": "2606400000",
            "costOfRevenue": "5527800000",
            "costofGoodsAndServicesSold": "2327900000",
            "operatingIncome": "2606400000",
            "sellingGeneralAndAdministrative": "798400000",
            "researchAndDevelopment": "None",
            "operatingExpenses": "937300000",
            "investmentIncomeNet": "None",
            "netInterestIncome": "-25400000",
            "interestIncome": "57900000",
            "interestExpense": "25400000",
            "nonInterestIncome": "2078000000",
            "otherNonOperatingIncome": "None",
            "depreciation": "None",
            "depreciationAndAmortization": "60100000",
            "incomeBeforeTax": "158200000",
            "incomeTaxExpense": "30600000",
            "interestAndDebtExpense": "25400000",
            "netIncomeFromContinuingOperations": "44200000",
            "comprehensiveIncomeNetOfTax": "133900000",
            "ebit": "183600000",
            "ebitda": "243700000",
            "netIncome": "127600000"
        },
        {
            "fiscalDateEnding": "2019-09-30",
            "reportedCurrency": "USD",
            "grossProfit": "323800000",
            "totalRevenue": "2499300000",
            "costOfRevenue": "2175500000",
            "costofGoodsAndServicesSold": "2271800000",
            "operatingIncome": "-441300000",
            "sellingGeneralAndAdministrative": "764500000",
            "researchAndDevelopment": "None",
            "operatingExpenses": "765100000",
            "investmentIncomeNet": "None",
            "netInterestIncome": "-32200000",
            "interestIncome": "153300000",
            "interestExpense": "32200000",
            "nonInterestIncome": "1983100000",
            "otherNonOperatingIncome": "None",
            "depreciation": "None",
            "depreciationAndAmortization": "600000",
            "incomeBeforeTax": "-26200000",
            "incomeTaxExpense": "28600000",
            "interestAndDebtExpense": "63600000",
            "netIncomeFromContinuingOperations": "-53200000",
            "comprehensiveIncomeNetOfTax": "21700000",
            "ebit": "6000000",
            "ebitda": "6600000",
            "netIncome": "-54800000"
        },
        {
            "fiscalDateEnding": "2019-06-30",
            "reportedCurrency": "USD",
            "grossProfit": "337800000",
            "totalRevenue": "2545500000",
            "costOfRevenue": "2207700000",
            "costofGoodsAndServicesSold": "2244400000",
            "operatingIncome": "-495900000",
            "sellingGeneralAndAdministrative": "823700000",
            "researchAndDevelopment": "None",
            "operatingExpenses": "833700000",
            "investmentIncomeNet": "None",
            "netInterestIncome": "-26500000",
            "interestIncome": "26500000",
            "interestExpense": "26500000",
            "nonInterestIncome": "2032600000",
            "otherNonOperatingIncome": "None",
            "depreciation": "None",
            "depreciationAndAmortization": "800000",
            "incomeBeforeTax": "184800000",
            "incomeTaxExpense": "40700000",
            "interestAndDebtExpense": "26500000",
            "netIncomeFromContinuingOperations": "142600000",
            "comprehensiveIncomeNetOfTax": "369400000",
            "ebit": "211300000",
            "ebitda": "212100000",
            "netIncome": "144100000"
        },
        {
            "fiscalDateEnding": "2019-03-31",
            "reportedCurrency": "USD",
            "grossProfit": "405400000",
            "totalRevenue": "2435600000",
            "costOfRevenue": "2030200000",
            "costofGoodsAndServicesSold": "2145400000",
            "operatingIncome": "-395400000",
            "sellingGeneralAndAdministrative": "799900000",
            "researchAndDevelopment": "None",
            "operatingExpenses": "800800000",
            "investmentIncomeNet": "None",
            "netInterestIncome": "-26500000",
            "interestIncome": "26500000",
            "interestExpense": "26500000",
            "nonInterestIncome": "1905400000",
            "otherNonOperatingIncome": "None",
            "depreciation": "None",
            "depreciationAndAmortization": "700000",
            "incomeBeforeTax": "214100000",
            "incomeTaxExpense": "48400000",
            "interestAndDebtExpense": "26500000",
            "netIncomeFromContinuingOperations": "168600000",
            "comprehensiveIncomeNetOfTax": "424500000",
            "ebit": "240600000",
            "ebitda": "241300000",
            "netIncome": "165700000"
        },
        {
            "fiscalDateEnding": "2018-12-31",
            "reportedCurrency": "USD",
            "grossProfit": "2317000000",
            "totalRevenue": "2317000000",
            "costOfRevenue": "4460300000",
            "costofGoodsAndServicesSold": "2173100000",
            "operatingIncome": "2317000000",
            "sellingGeneralAndAdministrative": "750700000",
            "researchAndDevelopment": "None",
            "operatingExpenses": "813700000",
            "investmentIncomeNet": "None",
            "netInterestIncome": "-26300000",
            "interestIncome": "None",
            "interestExpense": "26300000",
            "nonInterestIncome": "1826000000",
            "otherNonOperatingIncome": "None",
            "depreciation": "None",
            "depreciationAndAmortization": "18200000",
            "incomeBeforeTax": "36600000",
            "incomeTaxExpense": "16300000",
            "interestAndDebtExpense": "26300000",
            "netIncomeFromContinuingOperations": "42900000",
            "comprehensiveIncomeNetOfTax": "-32700000",
            "ebit": "62900000",
            "ebitda": "81100000",
            "netIncome": "20300000"
        },
        {
            "fiscalDateEnding": "2018-09-30",
            "reportedCurrency": "USD",
            "grossProfit": "45800000",
            "totalRevenue": "2270300000",
            "costOfRevenue": "2224500000",
            "costofGoodsAndServicesSold": "2097300000",
            "operatingIncome": "-709700000",
            "sellingGeneralAndAdministrative": "736500000",
            "researchAndDevelopment": "None",
            "operatingExpenses": "755500000",
            "investmentIncomeNet": "None",
            "netInterestIncome": "-26500000",
            "interestIncome": "None",
            "interestExpense": "26500000",
            "nonInterestIncome": "1853400000",
            "otherNonOperatingIncome": "None",
            "depreciation": "None",
            "depreciationAndAmortization": "19000000",
            "incomeBeforeTax": "75800000",
            "incomeTaxExpense": "22800000",
            "interestAndDebtExpense": "26500000",
            "netIncomeFromContinuingOperations": "53000000",
            "comprehensiveIncomeNetOfTax": "11200000",
            "ebit": "102300000",
            "ebitda": "121300000",
            "netIncome": "53000000"
        },
        {
            "fiscalDateEnding": "2018-06-30",
            "reportedCurrency": "USD",
            "grossProfit": "20900000",
            "totalRevenue": "1831700000",
            "costOfRevenue": "1810800000",
            "costofGoodsAndServicesSold": "1690600000",
            "operatingIncome": "-772400000",
            "sellingGeneralAndAdministrative": "773600000",
            "researchAndDevelopment": "None",
            "operatingExpenses": "793300000",
            "investmentIncomeNet": "None",
            "netInterestIncome": "-26000000",
            "interestIncome": "None",
            "interestExpense": "26000000",
            "nonInterestIncome": "1338300000",
            "otherNonOperatingIncome": "None",
            "depreciation": "None",
            "depreciationAndAmortization": "19700000",
            "incomeBeforeTax": "78300000",
            "incomeTaxExpense": "11300000",
            "interestAndDebtExpense": "26000000",
            "netIncomeFromContinuingOperations": "67000000",
            "comprehensiveIncomeNetOfTax": "-122600000",
            "ebit": "104300000",
            "ebitda": "124000000",
            "netIncome": "67000000"
        },
        {
            "fiscalDateEnding": "2018-03-31",
            "reportedCurrency": "USD",
            "grossProfit": "89800000",
            "totalRevenue": "1638600000",
            "costOfRevenue": "1548800000",
            "costofGoodsAndServicesSold": "1427900000",
            "operatingIncome": "-629800000",
            "sellingGeneralAndAdministrative": "719600000",
            "researchAndDevelopment": "None",
            "operatingExpenses": "719600000",
            "investmentIncomeNet": "None",
            "netInterestIncome": "-21500000",
            "interestIncome": "None",
            "interestExpense": "21500000",
            "nonInterestIncome": "1127100000",
            "otherNonOperatingIncome": "None",
            "depreciation": "None",
            "depreciationAndAmortization": "19400000",
            "incomeBeforeTax": "136500000",
            "incomeTaxExpense": "30500000",
            "interestAndDebtExpense": "21500000",
            "netIncomeFromContinuingOperations": "106000000",
            "comprehensiveIncomeNetOfTax": "-42400000",
            "ebit": "158000000",
            "ebitda": "177400000",
            "netIncome": "106000000"
        }
    ]
}