{
    "symbol": "AWK",
    "annualReports": [
        {
            "fiscalDateEnding": "2022-12-31",
            "reportedCurrency": "USD",
            "grossProfit": "3741000000",
            "totalRevenue": "3782000000",
            "costOfRevenue": "41000000",
            "costofGoodsAndServicesSold": "1589000000",
            "operatingIncome": "1273000000",
            "sellingGeneralAndAdministrative": "41000000",
            "researchAndDevelopment": "None",
            "operatingExpenses": "2519000000",
            "investmentIncomeNet": "None",
            "netInterestIncome": "-381000000",
            "interestIncome": "381000000",
            "interestExpense": "433000000",
            "nonInterestIncome": "3782000000",
            "otherNonOperatingIncome": "20000000",
            "depreciation": "552000000",
            "depreciationAndAmortization": "649000000",
            "incomeBeforeTax": "1008000000",
            "incomeTaxExpense": "188000000",
            "interestAndDebtExpense": "None",
            "netIncomeFromContinuingOperations": "820000000",
            "comprehensiveIncomeNetOfTax": "842000000",
            "ebit": "1273000000",
            "ebitda": "2090000000",
            "netIncome": "820000000"
        },
        {
            "fiscalDateEnding": "2021-12-31",
            "reportedCurrency": "USD",
            "grossProfit": "4639000000",
            "totalRevenue": "4677000000",
            "costOfRevenue": "38000000",
            "costofGoodsAndServicesSold": "1777000000",
            "operatingIncome": "1196000000",
            "sellingGeneralAndAdministrative": "29000000",
            "researchAndDevelopment": "None",
            "operatingExpenses": "2734000000",
            "investmentIncomeNet": "None",
            "netInterestIncome": "-399000000",
            "interestIncome": "399000000",
            "interestExpense": "403000000",
            "nonInterestIncome": "4661000000",
            "otherNonOperatingIncome": "18000000",
            "depreciation": "550000000",
            "depreciationAndAmortization": "9000000",
            "incomeBeforeTax": "1640000000",
            "incomeTaxExpense": "377000000",
            "interestAndDebtExpense": "None",
            "netIncomeFromContinuingOperations": "1263000000",
            "comprehensiveIncomeNetOfTax": "1267000000",
            "ebit": "1196000000",
            "ebitda": "1205000000",
            "netIncome": "1263000000"
        },
        {
            "fiscalDateEnding": "2020-12-31",
            "reportedCurrency": "USD",
            "grossProfit": "3733000000",
            "totalRevenue": "3777000000",
            "costOfRevenue": "44000000",
            "costofGoodsAndServicesSold": "1622000000",
            "operatingIncome": "1248000000",
            "sellingGeneralAndAdministrative": "32000000",
            "researchAndDevelopment": "None",
            "operatingExpenses": "2529000000",
            "investmentIncomeNet": "None",
            "netInterestIncome": "-395000000",
            "interestIncome": "395000000",
            "interestExpense": "395000000",
            "nonInterestIncome": "3743000000",
            "otherNonOperatingIncome": "22000000",
            "depreciation": "520000000",
            "depreciationAndAmortization": "12000000",
            "incomeBeforeTax": "924000000",
            "incomeTaxExpense": "215000000",
            "interestAndDebtExpense": "None",
            "netIncomeFromContinuingOperations": "709000000",
            "comprehensiveIncomeNetOfTax": "696000000",
            "ebit": "1248000000",
            "ebitda": "1260000000",
            "netIncome": "709000000"
        },
        {
            "fiscalDateEnding": "2019-12-31",
            "reportedCurrency": "USD",
            "grossProfit": "3564000000",
            "totalRevenue": "3606000000",
            "costOfRevenue": "42000000",
            "costofGoodsAndServicesSold": "1544000000",
            "operatingIncome": "1214000000",
            "sellingGeneralAndAdministrative": "28000000",
            "researchAndDevelopment": "None",
            "operatingExpenses": "2396000000",
            "investmentIncomeNet": "None",
            "netInterestIncome": "-382000000",
            "interestIncome": "382000000",
            "interestExpense": "382000000",
            "nonInterestIncome": "3583000000",
            "otherNonOperatingIncome": "29000000",
            "depreciation": "508000000",
            "depreciationAndAmortization": "14000000",
            "incomeBeforeTax": "833000000",
            "incomeTaxExpense": "212000000",
            "interestAndDebtExpense": "4000000",
            "netIncomeFromContinuingOperations": "621000000",
            "comprehensiveIncomeNetOfTax": "619000000",
            "ebit": "1214000000",
            "ebitda": "1228000000",
            "netIncome": "621000000"
        },
        {
            "fiscalDateEnding": "2018-12-31",
            "reportedCurrency": "USD",
            "grossProfit": "3303000000",
            "totalRevenue": "3436000000",
            "costOfRevenue": "133000000",
            "costofGoodsAndServicesSold": "1479000000",
            "operatingIncome": "1102000000",
            "sellingGeneralAndAdministrative": "64000000",
            "researchAndDevelopment": "None",
            "operatingExpenses": "2338000000",
            "investmentIncomeNet": "None",
            "netInterestIncome": "-350000000",
            "interestIncome": "350000000",
            "interestExpense": "350000000",
            "nonInterestIncome": "3413000000",
            "otherNonOperatingIncome": "15000000",
            "depreciation": "497000000",
            "depreciationAndAmortization": "12000000",
            "incomeBeforeTax": "789000000",
            "incomeTaxExpense": "222000000",
            "interestAndDebtExpense": "4000000",
            "netIncomeFromContinuingOperations": "565000000",
            "comprehensiveIncomeNetOfTax": "612000000",
            "ebit": "1102000000",
            "ebitda": "1114000000",
            "netIncome": "567000000"
        }
    ],
    "quarterlyReports": [
        {
            "fiscalDateEnding": "2022-12-31",
            "reportedCurrency": "USD",
            "grossProfit": "900000000",
            "totalRevenue": "941000000",
            "costOfRevenue": "41000000",
            "costofGoodsAndServicesSold": "433000000",
            "operatingIncome": "261000000",
            "sellingGeneralAndAdministrative": "None",
            "researchAndDevelopment": "None",
            "operatingExpenses": "670000000",
            "investmentIncomeNet": "None",
            "netInterestIncome": "-103000000",
            "interestIncome": "103000000",
            "interestExpense": "116000000",
            "nonInterestIncome": "941000000",
            "otherNonOperatingIncome": "-18000000",
            "depreciation": "None",
            "depreciationAndAmortization": "164000000",
            "incomeBeforeTax": "178000000",
            "incomeTaxExpense": "31000000",
            "interestAndDebtExpense": "None",
            "netIncomeFromContinuingOperations": "261000000",
            "comprehensiveIncomeNetOfTax": "163000000",
            "ebit": "261000000",
            "ebitda": "458000000",
            "netIncome": "147000000"
        },
        {
            "fiscalDateEnding": "2022-09-30",
            "reportedCurrency": "USD",
            "grossProfit": "1076000000",
            "totalRevenue": "1076000000",
            "costOfRevenue": "416000000",
            "costofGoodsAndServicesSold": "416000000",
            "operatingIncome": "439000000",
            "sellingGeneralAndAdministrative": "None",
            "researchAndDevelopment": "None",
            "operatingExpenses": "643000000",
            "investmentIncomeNet": "None",
            "netInterestIncome": "-97000000",
            "interestIncome": "97000000",
            "interestExpense": "111000000",
            "nonInterestIncome": "1076000000",
            "otherNonOperatingIncome": "6000000",
            "depreciation": "None",
            "depreciationAndAmortization": "164000000",
            "incomeBeforeTax": "367000000",
            "incomeTaxExpense": "70000000",
            "interestAndDebtExpense": "None",
            "netIncomeFromContinuingOperations": "297000000",
            "comprehensiveIncomeNetOfTax": "298000000",
            "ebit": "439000000",
            "ebitda": "642000000",
            "netIncome": "297000000"
        },
        {
            "fiscalDateEnding": "2022-06-30",
            "reportedCurrency": "USD",
            "grossProfit": "930000000",
            "totalRevenue": "930000000",
            "costOfRevenue": "376000000",
            "costofGoodsAndServicesSold": "376000000",
            "operatingIncome": "327000000",
            "sellingGeneralAndAdministrative": "447000000",
            "researchAndDevelopment": "None",
            "operatingExpenses": "610000000",
            "investmentIncomeNet": "None",
            "netInterestIncome": "-94000000",
            "interestIncome": "12000000",
            "interestExpense": "106000000",
            "nonInterestIncome": "930000000",
            "otherNonOperatingIncome": "17000000",
            "depreciation": "None",
            "depreciationAndAmortization": "163000000",
            "incomeBeforeTax": "270000000",
            "incomeTaxExpense": "52000000",
            "interestAndDebtExpense": "None",
            "netIncomeFromContinuingOperations": "218000000",
            "comprehensiveIncomeNetOfTax": "222000000",
            "ebit": "327000000",
            "ebitda": "539000000",
            "netIncome": "218000000"
        },
        {
            "fiscalDateEnding": "2022-03-31",
            "reportedCurrency": "USD",
            "grossProfit": "838000000",
            "totalRevenue": "838000000",
            "costOfRevenue": "364000000",
            "costofGoodsAndServicesSold": "364000000",
            "operatingIncome": "246000000",
            "sellingGeneralAndAdministrative": "438000000",
            "researchAndDevelopment": "None",
            "operatingExpenses": "596000000",
            "investmentIncomeNet": "None",
            "netInterestIncome": "-87000000",
            "interestIncome": "13000000",
            "interestExpense": "100000000",
            "nonInterestIncome": "838000000",
            "otherNonOperatingIncome": "15000000",
            "depreciation": "None",
            "depreciationAndAmortization": "158000000",
            "incomeBeforeTax": "193000000",
            "incomeTaxExpense": "35000000",
            "interestAndDebtExpense": "None",
            "netIncomeFromContinuingOperations": "158000000",
            "comprehensiveIncomeNetOfTax": "159000000",
            "ebit": "246000000",
            "ebitda": "451000000",
            "netIncome": "158000000"
        },
        {
            "fiscalDateEnding": "2021-12-31",
            "reportedCurrency": "USD",
            "grossProfit": "1676000000",
            "totalRevenue": "1714000000",
            "costOfRevenue": "38000000",
            "costofGoodsAndServicesSold": "491000000",
            "operatingIncome": "220000000",
            "sellingGeneralAndAdministrative": "571000000",
            "researchAndDevelopment": "None",
            "operatingExpenses": "731000000",
            "investmentIncomeNet": "None",
            "netInterestIncome": "-99000000",
            "interestIncome": "99000000",
            "interestExpense": "103000000",
            "nonInterestIncome": "1698000000",
            "otherNonOperatingIncome": "7000000",
            "depreciation": "None",
            "depreciationAndAmortization": "160000000",
            "incomeBeforeTax": "894000000",
            "incomeTaxExpense": "249000000",
            "interestAndDebtExpense": "None",
            "netIncomeFromContinuingOperations": "220000000",
            "comprehensiveIncomeNetOfTax": "645000000",
            "ebit": "220000000",
            "ebitda": "1157000000",
            "netIncome": "645000000"
        },
        {
            "fiscalDateEnding": "2021-09-30",
            "reportedCurrency": "USD",
            "grossProfit": "1094000000",
            "totalRevenue": "1094000000",
            "costOfRevenue": "436000000",
            "costofGoodsAndServicesSold": "436000000",
            "operatingIncome": "417000000",
            "sellingGeneralAndAdministrative": "514000000",
            "researchAndDevelopment": "None",
            "operatingExpenses": "675000000",
            "investmentIncomeNet": "None",
            "netInterestIncome": "-101000000",
            "interestIncome": "101000000",
            "interestExpense": "101000000",
            "nonInterestIncome": "1094000000",
            "otherNonOperatingIncome": "4000000",
            "depreciation": "None",
            "depreciationAndAmortization": "161000000",
            "incomeBeforeTax": "340000000",
            "incomeTaxExpense": "62000000",
            "interestAndDebtExpense": "None",
            "netIncomeFromContinuingOperations": "278000000",
            "comprehensiveIncomeNetOfTax": "279000000",
            "ebit": "417000000",
            "ebitda": "400000000",
            "netIncome": "278000000"
        },
        {
            "fiscalDateEnding": "2021-06-30",
            "reportedCurrency": "USD",
            "grossProfit": "990000000",
            "totalRevenue": "990000000",
            "costOfRevenue": "431000000",
            "costofGoodsAndServicesSold": "431000000",
            "operatingIncome": "330000000",
            "sellingGeneralAndAdministrative": "511000000",
            "researchAndDevelopment": "None",
            "operatingExpenses": "669000000",
            "investmentIncomeNet": "None",
            "netInterestIncome": "-101000000",
            "interestIncome": "101000000",
            "interestExpense": "101000000",
            "nonInterestIncome": "990000000",
            "otherNonOperatingIncome": "3000000",
            "depreciation": "None",
            "depreciationAndAmortization": "158000000",
            "incomeBeforeTax": "251000000",
            "incomeTaxExpense": "44000000",
            "interestAndDebtExpense": "None",
            "netIncomeFromContinuingOperations": "207000000",
            "comprehensiveIncomeNetOfTax": "209000000",
            "ebit": "330000000",
            "ebitda": "308000000",
            "netIncome": "207000000"
        },
        {
            "fiscalDateEnding": "2021-03-31",
            "reportedCurrency": "USD",
            "grossProfit": "878000000",
            "totalRevenue": "878000000",
            "costOfRevenue": "419000000",
            "costofGoodsAndServicesSold": "419000000",
            "operatingIncome": "229000000",
            "sellingGeneralAndAdministrative": "502000000",
            "researchAndDevelopment": "None",
            "operatingExpenses": "659000000",
            "investmentIncomeNet": "None",
            "netInterestIncome": "-98000000",
            "interestIncome": "98000000",
            "interestExpense": "98000000",
            "nonInterestIncome": "878000000",
            "otherNonOperatingIncome": "4000000",
            "depreciation": "None",
            "depreciationAndAmortization": "157000000",
            "incomeBeforeTax": "155000000",
            "incomeTaxExpense": "22000000",
            "interestAndDebtExpense": "None",
            "netIncomeFromContinuingOperations": "133000000",
            "comprehensiveIncomeNetOfTax": "134000000",
            "ebit": "229000000",
            "ebitda": "214000000",
            "netIncome": "133000000"
        },
        {
            "fiscalDateEnding": "2020-12-31",
            "reportedCurrency": "USD",
            "grossProfit": "916000000",
            "totalRevenue": "960000000",
            "costOfRevenue": "44000000",
            "costofGoodsAndServicesSold": "429000000",
            "operatingIncome": "263000000",
            "sellingGeneralAndAdministrative": "507000000",
            "researchAndDevelopment": "None",
            "operatingExpenses": "660000000",
            "investmentIncomeNet": "None",
            "netInterestIncome": "-99000000",
            "interestIncome": "99000000",
            "interestExpense": "99000000",
            "nonInterestIncome": "926000000",
            "otherNonOperatingIncome": "5000000",
            "depreciation": "None",
            "depreciationAndAmortization": "153000000",
            "incomeBeforeTax": "181000000",
            "incomeTaxExpense": "36000000",
            "interestAndDebtExpense": "None",
            "netIncomeFromContinuingOperations": "263000000",
            "comprehensiveIncomeNetOfTax": "134000000",
            "ebit": "263000000",
            "ebitda": "235000000",
            "netIncome": "145000000"
        },
        {
            "fiscalDateEnding": "2020-09-30",
            "reportedCurrency": "USD",
            "grossProfit": "1074000000",
            "totalRevenue": "1074000000",
            "costOfRevenue": "419000000",
            "costofGoodsAndServicesSold": "419000000",
            "operatingIncome": "433000000",
            "sellingGeneralAndAdministrative": "492000000",
            "researchAndDevelopment": "None",
            "operatingExpenses": "646000000",
            "investmentIncomeNet": "None",
            "netInterestIncome": "-99000000",
            "interestIncome": "99000000",
            "interestExpense": "99000000",
            "nonInterestIncome": "1074000000",
            "otherNonOperatingIncome": "6000000",
            "depreciation": "None",
            "depreciationAndAmortization": "154000000",
            "incomeBeforeTax": "352000000",
            "incomeTaxExpense": "88000000",
            "interestAndDebtExpense": "None",
            "netIncomeFromContinuingOperations": "264000000",
            "comprehensiveIncomeNetOfTax": "265000000",
            "ebit": "433000000",
            "ebitda": "407000000",
            "netIncome": "264000000"
        },
        {
            "fiscalDateEnding": "2020-06-30",
            "reportedCurrency": "USD",
            "grossProfit": "908000000",
            "totalRevenue": "908000000",
            "costOfRevenue": "391000000",
            "costofGoodsAndServicesSold": "391000000",
            "operatingIncome": "313000000",
            "sellingGeneralAndAdministrative": "466000000",
            "researchAndDevelopment": "None",
            "operatingExpenses": "618000000",
            "investmentIncomeNet": "None",
            "netInterestIncome": "-101000000",
            "interestIncome": "101000000",
            "interestExpense": "101000000",
            "nonInterestIncome": "908000000",
            "otherNonOperatingIncome": "8000000",
            "depreciation": "None",
            "depreciationAndAmortization": "152000000",
            "incomeBeforeTax": "232000000",
            "incomeTaxExpense": "56000000",
            "interestAndDebtExpense": "None",
            "netIncomeFromContinuingOperations": "176000000",
            "comprehensiveIncomeNetOfTax": "178000000",
            "ebit": "313000000",
            "ebitda": "283000000",
            "netIncome": "176000000"
        },
        {
            "fiscalDateEnding": "2020-03-31",
            "reportedCurrency": "USD",
            "grossProfit": "844000000",
            "totalRevenue": "844000000",
            "costOfRevenue": "383000000",
            "costofGoodsAndServicesSold": "383000000",
            "operatingIncome": "239000000",
            "sellingGeneralAndAdministrative": "460000000",
            "researchAndDevelopment": "None",
            "operatingExpenses": "605000000",
            "investmentIncomeNet": "None",
            "netInterestIncome": "-96000000",
            "interestIncome": "96000000",
            "interestExpense": "96000000",
            "nonInterestIncome": "834000000",
            "otherNonOperatingIncome": "3000000",
            "depreciation": "None",
            "depreciationAndAmortization": "145000000",
            "incomeBeforeTax": "159000000",
            "incomeTaxExpense": "35000000",
            "interestAndDebtExpense": "None",
            "netIncomeFromContinuingOperations": "124000000",
            "comprehensiveIncomeNetOfTax": "119000000",
            "ebit": "239000000",
            "ebitda": "208000000",
            "netIncome": "124000000"
        },
        {
            "fiscalDateEnding": "2019-12-31",
            "reportedCurrency": "USD",
            "grossProfit": "856000000",
            "totalRevenue": "898000000",
            "costOfRevenue": "42000000",
            "costofGoodsAndServicesSold": "412000000",
            "operatingIncome": "224000000",
            "sellingGeneralAndAdministrative": "483000000",
            "researchAndDevelopment": "None",
            "operatingExpenses": "634000000",
            "investmentIncomeNet": "None",
            "netInterestIncome": "-98000000",
            "interestIncome": "98000000",
            "interestExpense": "98000000",
            "nonInterestIncome": "904000000",
            "otherNonOperatingIncome": "6000000",
            "depreciation": "None",
            "depreciationAndAmortization": "152000000",
            "incomeBeforeTax": "136000000",
            "incomeTaxExpense": "38000000",
            "interestAndDebtExpense": "None",
            "netIncomeFromContinuingOperations": "224000000",
            "comprehensiveIncomeNetOfTax": "108000000",
            "ebit": "224000000",
            "ebitda": "190000000",
            "netIncome": "98000000"
        },
        {
            "fiscalDateEnding": "2019-09-30",
            "reportedCurrency": "USD",
            "grossProfit": "1013000000",
            "totalRevenue": "1013000000",
            "costOfRevenue": "395000000",
            "costofGoodsAndServicesSold": "395000000",
            "operatingIncome": "406000000",
            "sellingGeneralAndAdministrative": "463000000",
            "researchAndDevelopment": "None",
            "operatingExpenses": "607000000",
            "investmentIncomeNet": "None",
            "netInterestIncome": "-97000000",
            "interestIncome": "97000000",
            "interestExpense": "97000000",
            "nonInterestIncome": "1013000000",
            "otherNonOperatingIncome": "5000000",
            "depreciation": "None",
            "depreciationAndAmortization": "144000000",
            "incomeBeforeTax": "318000000",
            "incomeTaxExpense": "78000000",
            "interestAndDebtExpense": "None",
            "netIncomeFromContinuingOperations": "240000000",
            "comprehensiveIncomeNetOfTax": "241000000",
            "ebit": "406000000",
            "ebitda": "365000000",
            "netIncome": "240000000"
        },
        {
            "fiscalDateEnding": "2019-06-30",
            "reportedCurrency": "USD",
            "grossProfit": "882000000",
            "totalRevenue": "882000000",
            "costOfRevenue": "372000000",
            "costofGoodsAndServicesSold": "372000000",
            "operatingIncome": "302000000",
            "sellingGeneralAndAdministrative": "444000000",
            "researchAndDevelopment": "None",
            "operatingExpenses": "580000000",
            "investmentIncomeNet": "None",
            "netInterestIncome": "-94000000",
            "interestIncome": "94000000",
            "interestExpense": "94000000",
            "nonInterestIncome": "863000000",
            "otherNonOperatingIncome": "15000000",
            "depreciation": "None",
            "depreciationAndAmortization": "142000000",
            "incomeBeforeTax": "227000000",
            "incomeTaxExpense": "57000000",
            "interestAndDebtExpense": "None",
            "netIncomeFromContinuingOperations": "170000000",
            "comprehensiveIncomeNetOfTax": "170000000",
            "ebit": "302000000",
            "ebitda": "275000000",
            "netIncome": "170000000"
        },
        {
            "fiscalDateEnding": "2019-03-31",
            "reportedCurrency": "USD",
            "grossProfit": "813000000",
            "totalRevenue": "813000000",
            "costOfRevenue": "365000000",
            "costofGoodsAndServicesSold": "365000000",
            "operatingIncome": "238000000",
            "sellingGeneralAndAdministrative": "434000000",
            "researchAndDevelopment": "None",
            "operatingExpenses": "575000000",
            "investmentIncomeNet": "None",
            "netInterestIncome": "-93000000",
            "interestIncome": "93000000",
            "interestExpense": "93000000",
            "nonInterestIncome": "804000000",
            "otherNonOperatingIncome": "3000000",
            "depreciation": "None",
            "depreciationAndAmortization": "144000000",
            "incomeBeforeTax": "152000000",
            "incomeTaxExpense": "39000000",
            "interestAndDebtExpense": "None",
            "netIncomeFromContinuingOperations": "113000000",
            "comprehensiveIncomeNetOfTax": "100000000",
            "ebit": "238000000",
            "ebitda": "203000000",
            "netIncome": "113000000"
        },
        {
            "fiscalDateEnding": "2018-12-31",
            "reportedCurrency": "USD",
            "grossProfit": "772000000",
            "totalRevenue": "848000000",
            "costOfRevenue": "76000000",
            "costofGoodsAndServicesSold": "394000000",
            "operatingIncome": "248000000",
            "sellingGeneralAndAdministrative": "461000000",
            "researchAndDevelopment": "None",
            "operatingExpenses": "602000000",
            "investmentIncomeNet": "None",
            "netInterestIncome": "None",
            "interestIncome": "None",
            "interestExpense": "91000000",
            "nonInterestIncome": "863000000",
            "otherNonOperatingIncome": "3000000",
            "depreciation": "None",
            "depreciationAndAmortization": "141000000",
            "incomeBeforeTax": "170000000",
            "incomeTaxExpense": "58000000",
            "interestAndDebtExpense": "2000000",
            "netIncomeFromContinuingOperations": "248000000",
            "comprehensiveIncomeNetOfTax": "138000000",
            "ebit": "248000000",
            "ebitda": "220000000",
            "netIncome": "112000000"
        },
        {
            "fiscalDateEnding": "2018-09-30",
            "reportedCurrency": "USD",
            "grossProfit": "917000000",
            "totalRevenue": "974000000",
            "costOfRevenue": "57000000",
            "costofGoodsAndServicesSold": "390000000",
            "operatingIncome": "335000000",
            "sellingGeneralAndAdministrative": "461000000",
            "researchAndDevelopment": "None",
            "operatingExpenses": "641000000",
            "investmentIncomeNet": "None",
            "netInterestIncome": "None",
            "interestIncome": "None",
            "interestExpense": "89000000",
            "nonInterestIncome": "953000000",
            "otherNonOperatingIncome": "4000000",
            "depreciation": "None",
            "depreciationAndAmortization": "141000000",
            "incomeBeforeTax": "257000000",
            "incomeTaxExpense": "70000000",
            "interestAndDebtExpense": "2000000",
            "netIncomeFromContinuingOperations": "185000000",
            "comprehensiveIncomeNetOfTax": "196000000",
            "ebit": "335000000",
            "ebitda": "309000000",
            "netIncome": "187000000"
        },
        {
            "fiscalDateEnding": "2018-06-30",
            "reportedCurrency": "USD",
            "grossProfit": "853000000",
            "totalRevenue": "853000000",
            "costOfRevenue": "348000000",
            "costofGoodsAndServicesSold": "348000000",
            "operatingIncome": "302000000",
            "sellingGeneralAndAdministrative": "417000000",
            "researchAndDevelopment": "None",
            "operatingExpenses": "551000000",
            "investmentIncomeNet": "None",
            "netInterestIncome": "None",
            "interestIncome": "None",
            "interestExpense": "86000000",
            "nonInterestIncome": "840000000",
            "otherNonOperatingIncome": "4000000",
            "depreciation": "None",
            "depreciationAndAmortization": "134000000",
            "incomeBeforeTax": "222000000",
            "incomeTaxExpense": "60000000",
            "interestAndDebtExpense": "None",
            "netIncomeFromContinuingOperations": "162000000",
            "comprehensiveIncomeNetOfTax": "168000000",
            "ebit": "302000000",
            "ebitda": "270000000",
            "netIncome": "162000000"
        },
        {
            "fiscalDateEnding": "2018-03-31",
            "reportedCurrency": "USD",
            "grossProfit": "761000000",
            "totalRevenue": "761000000",
            "costOfRevenue": "347000000",
            "costofGoodsAndServicesSold": "347000000",
            "operatingIncome": "217000000",
            "sellingGeneralAndAdministrative": "417000000",
            "researchAndDevelopment": "None",
            "operatingExpenses": "544000000",
            "investmentIncomeNet": "None",
            "netInterestIncome": "None",
            "interestIncome": "None",
            "interestExpense": "84000000",
            "nonInterestIncome": "756000000",
            "otherNonOperatingIncome": "4000000",
            "depreciation": "None",
            "depreciationAndAmortization": "129000000",
            "incomeBeforeTax": "140000000",
            "incomeTaxExpense": "34000000",
            "interestAndDebtExpense": "None",
            "netIncomeFromContinuingOperations": "106000000",
            "comprehensiveIncomeNetOfTax": "110000000",
            "ebit": "217000000",
            "ebitda": "185000000",
            "netIncome": "106000000"
        }
    ]
}