{
    "symbol": "CMA",
    "annualReports": [
        {
            "fiscalDateEnding": "2022-12-31",
            "reportedCurrency": "USD",
            "grossProfit": "1543000000",
            "totalRevenue": "3601000000",
            "costOfRevenue": "2058000000",
            "costofGoodsAndServicesSold": "None",
            "operatingIncome": "1093000000",
            "sellingGeneralAndAdministrative": "341000000",
            "researchAndDevelopment": "None",
            "operatingExpenses": "450000000",
            "investmentIncomeNet": "None",
            "netInterestIncome": "2466000000",
            "interestIncome": "2672000000",
            "interestExpense": "206000000",
            "nonInterestIncome": "1068000000",
            "otherNonOperatingIncome": "None",
            "depreciation": "None",
            "depreciationAndAmortization": "92000000",
            "incomeBeforeTax": "1476000000",
            "incomeTaxExpense": "325000000",
            "interestAndDebtExpense": "206000000",
            "netIncomeFromContinuingOperations": "-4131000000",
            "comprehensiveIncomeNetOfTax": "-2379000000",
            "ebit": "1682000000",
            "ebitda": "1774000000",
            "netIncome": "1151000000"
        },
        {
            "fiscalDateEnding": "2021-12-31",
            "reportedCurrency": "USD",
            "grossProfit": "1916000000",
            "totalRevenue": "3393000000",
            "costOfRevenue": "1477000000",
            "costofGoodsAndServicesSold": "None",
            "operatingIncome": "1501000000",
            "sellingGeneralAndAdministrative": "302000000",
            "researchAndDevelopment": "None",
            "operatingExpenses": "415000000",
            "investmentIncomeNet": "None",
            "netInterestIncome": "1844000000",
            "interestIncome": "1901000000",
            "interestExpense": "57000000",
            "nonInterestIncome": "1123000000",
            "otherNonOperatingIncome": "None",
            "depreciation": "None",
            "depreciationAndAmortization": "99000000",
            "incomeBeforeTax": "1490000000",
            "incomeTaxExpense": "322000000",
            "interestAndDebtExpense": "57000000",
            "netIncomeFromContinuingOperations": "-1088000000",
            "comprehensiveIncomeNetOfTax": "892000000",
            "ebit": "1547000000",
            "ebitda": "1646000000",
            "netIncome": "1168000000"
        },
        {
            "fiscalDateEnding": "2020-12-31",
            "reportedCurrency": "USD",
            "grossProfit": "105000000",
            "totalRevenue": "2426000000",
            "costOfRevenue": "2321000000",
            "costofGoodsAndServicesSold": "None",
            "operatingIncome": "-299000000",
            "sellingGeneralAndAdministrative": "279000000",
            "researchAndDevelopment": "None",
            "operatingExpenses": "404000000",
            "investmentIncomeNet": "None",
            "netInterestIncome": "1911000000",
            "interestIncome": "2093000000",
            "interestExpense": "182000000",
            "nonInterestIncome": "1001000000",
            "otherNonOperatingIncome": "None",
            "depreciation": "None",
            "depreciationAndAmortization": "108000000",
            "incomeBeforeTax": "598000000",
            "incomeTaxExpense": "124000000",
            "interestAndDebtExpense": "182000000",
            "netIncomeFromContinuingOperations": "-2199000000",
            "comprehensiveIncomeNetOfTax": "877000000",
            "ebit": "780000000",
            "ebitda": "888000000",
            "netIncome": "474000000"
        },
        {
            "fiscalDateEnding": "2019-12-31",
            "reportedCurrency": "USD",
            "grossProfit": "1559000000",
            "totalRevenue": "3376000000",
            "costOfRevenue": "1817000000",
            "costofGoodsAndServicesSold": "None",
            "operatingIncome": "1138000000",
            "sellingGeneralAndAdministrative": "291000000",
            "researchAndDevelopment": "None",
            "operatingExpenses": "421000000",
            "investmentIncomeNet": "None",
            "netInterestIncome": "2339000000",
            "interestIncome": "2807000000",
            "interestExpense": "468000000",
            "nonInterestIncome": "1010000000",
            "otherNonOperatingIncome": "None",
            "depreciation": "None",
            "depreciationAndAmortization": "114000000",
            "incomeBeforeTax": "1534000000",
            "incomeTaxExpense": "336000000",
            "interestAndDebtExpense": "468000000",
            "netIncomeFromContinuingOperations": "-939000000",
            "comprehensiveIncomeNetOfTax": "1572000000",
            "ebit": "2002000000",
            "ebitda": "2116000000",
            "netIncome": "1198000000"
        },
        {
            "fiscalDateEnding": "2018-12-31",
            "reportedCurrency": "USD",
            "grossProfit": "1655000000",
            "totalRevenue": "3448000000",
            "costOfRevenue": "1793000000",
            "costofGoodsAndServicesSold": "266000000",
            "operatingIncome": "1161000000",
            "sellingGeneralAndAdministrative": "305000000",
            "researchAndDevelopment": "None",
            "operatingExpenses": "494000000",
            "investmentIncomeNet": "None",
            "netInterestIncome": "2352000000",
            "interestIncome": "2619000000",
            "interestExpense": "267000000",
            "nonInterestIncome": "976000000",
            "otherNonOperatingIncome": "None",
            "depreciation": "None",
            "depreciationAndAmortization": "120000000",
            "incomeBeforeTax": "1535000000",
            "incomeTaxExpense": "300000000",
            "interestAndDebtExpense": "267000000",
            "netIncomeFromContinuingOperations": "-933000000",
            "comprehensiveIncomeNetOfTax": "1076000000",
            "ebit": "1802000000",
            "ebitda": "1922000000",
            "netIncome": "1235000000"
        }
    ],
    "quarterlyReports": [
        {
            "fiscalDateEnding": "2022-12-31",
            "reportedCurrency": "USD",
            "grossProfit": "460000000",
            "totalRevenue": "1034000000",
            "costOfRevenue": "574000000",
            "costofGoodsAndServicesSold": "None",
            "operatingIncome": "227000000",
            "sellingGeneralAndAdministrative": "195000000",
            "researchAndDevelopment": "None",
            "operatingExpenses": "233000000",
            "investmentIncomeNet": "None",
            "netInterestIncome": "742000000",
            "interestIncome": "876000000",
            "interestExpense": "134000000",
            "nonInterestIncome": "278000000",
            "otherNonOperatingIncome": "None",
            "depreciation": "None",
            "depreciationAndAmortization": "21000000",
            "incomeBeforeTax": "446000000",
            "incomeTaxExpense": "96000000",
            "interestAndDebtExpense": "134000000",
            "netIncomeFromContinuingOperations": "-336000000",
            "comprehensiveIncomeNetOfTax": "195000000",
            "ebit": "580000000",
            "ebitda": "601000000",
            "netIncome": "350000000"
        },
        {
            "fiscalDateEnding": "2022-09-30",
            "reportedCurrency": "USD",
            "grossProfit": "467000000",
            "totalRevenue": "997000000",
            "costOfRevenue": "530000000",
            "costofGoodsAndServicesSold": "None",
            "operatingIncome": "414000000",
            "sellingGeneralAndAdministrative": "53000000",
            "researchAndDevelopment": "None",
            "operatingExpenses": "53000000",
            "investmentIncomeNet": "None",
            "netInterestIncome": "707000000",
            "interestIncome": "750000000",
            "interestExpense": "43000000",
            "nonInterestIncome": "278000000",
            "otherNonOperatingIncome": "None",
            "depreciation": "None",
            "depreciationAndAmortization": "25000000",
            "incomeBeforeTax": "455000000",
            "incomeTaxExpense": "104000000",
            "interestAndDebtExpense": "43000000",
            "netIncomeFromContinuingOperations": "-192000000",
            "comprehensiveIncomeNetOfTax": "-1282000000",
            "ebit": "498000000",
            "ebitda": "523000000",
            "netIncome": "351000000"
        },
        {
            "fiscalDateEnding": "2022-06-30",
            "reportedCurrency": "USD",
            "grossProfit": "354000000",
            "totalRevenue": "846000000",
            "costOfRevenue": "492000000",
            "costofGoodsAndServicesSold": "None",
            "operatingIncome": "306000000",
            "sellingGeneralAndAdministrative": "48000000",
            "researchAndDevelopment": "None",
            "operatingExpenses": "48000000",
            "investmentIncomeNet": "None",
            "netInterestIncome": "561000000",
            "interestIncome": "577000000",
            "interestExpense": "16000000",
            "nonInterestIncome": "268000000",
            "otherNonOperatingIncome": "None",
            "depreciation": "None",
            "depreciationAndAmortization": "23000000",
            "incomeBeforeTax": "337000000",
            "incomeTaxExpense": "76000000",
            "interestAndDebtExpense": "16000000",
            "netIncomeFromContinuingOperations": "-252000000",
            "comprehensiveIncomeNetOfTax": "-520000000",
            "ebit": "353000000",
            "ebitda": "376000000",
            "netIncome": "261000000"
        },
        {
            "fiscalDateEnding": "2022-03-31",
            "reportedCurrency": "USD",
            "grossProfit": "262000000",
            "totalRevenue": "724000000",
            "costOfRevenue": "462000000",
            "costofGoodsAndServicesSold": "None",
            "operatingIncome": "194000000",
            "sellingGeneralAndAdministrative": "45000000",
            "researchAndDevelopment": "None",
            "operatingExpenses": "68000000",
            "investmentIncomeNet": "None",
            "netInterestIncome": "456000000",
            "interestIncome": "469000000",
            "interestExpense": "13000000",
            "nonInterestIncome": "244000000",
            "otherNonOperatingIncome": "None",
            "depreciation": "None",
            "depreciationAndAmortization": "23000000",
            "incomeBeforeTax": "238000000",
            "incomeTaxExpense": "49000000",
            "interestAndDebtExpense": "13000000",
            "netIncomeFromContinuingOperations": "-1293000000",
            "comprehensiveIncomeNetOfTax": "-772000000",
            "ebit": "251000000",
            "ebitda": "274000000",
            "netIncome": "189000000"
        },
        {
            "fiscalDateEnding": "2021-12-31",
            "reportedCurrency": "USD",
            "grossProfit": "25000000",
            "totalRevenue": "486000000",
            "costOfRevenue": "461000000",
            "costofGoodsAndServicesSold": "None",
            "operatingIncome": "25000000",
            "sellingGeneralAndAdministrative": "160000000",
            "researchAndDevelopment": "None",
            "operatingExpenses": "197000000",
            "investmentIncomeNet": "None",
            "netInterestIncome": "461000000",
            "interestIncome": "474000000",
            "interestExpense": "13000000",
            "nonInterestIncome": "289000000",
            "otherNonOperatingIncome": "None",
            "depreciation": "None",
            "depreciationAndAmortization": "23000000",
            "incomeBeforeTax": "289000000",
            "incomeTaxExpense": "61000000",
            "interestAndDebtExpense": "13000000",
            "netIncomeFromContinuingOperations": "-522000000",
            "comprehensiveIncomeNetOfTax": "223000000",
            "ebit": "302000000",
            "ebitda": "325000000",
            "netIncome": "228000000"
        },
        {
            "fiscalDateEnding": "2021-09-30",
            "reportedCurrency": "USD",
            "grossProfit": "385000000",
            "totalRevenue": "808000000",
            "costOfRevenue": "423000000",
            "costofGoodsAndServicesSold": "None",
            "operatingIncome": "335000000",
            "sellingGeneralAndAdministrative": "50000000",
            "researchAndDevelopment": "None",
            "operatingExpenses": "50000000",
            "investmentIncomeNet": "None",
            "netInterestIncome": "475000000",
            "interestIncome": "489000000",
            "interestExpense": "14000000",
            "nonInterestIncome": "280000000",
            "otherNonOperatingIncome": "None",
            "depreciation": "None",
            "depreciationAndAmortization": "25000000",
            "incomeBeforeTax": "332000000",
            "incomeTaxExpense": "70000000",
            "interestAndDebtExpense": "14000000",
            "netIncomeFromContinuingOperations": "-200000000",
            "comprehensiveIncomeNetOfTax": "175000000",
            "ebit": "346000000",
            "ebitda": "371000000",
            "netIncome": "262000000"
        },
        {
            "fiscalDateEnding": "2021-06-30",
            "reportedCurrency": "USD",
            "grossProfit": "565000000",
            "totalRevenue": "893000000",
            "costOfRevenue": "328000000",
            "costofGoodsAndServicesSold": "None",
            "operatingIncome": "518000000",
            "sellingGeneralAndAdministrative": "47000000",
            "researchAndDevelopment": "None",
            "operatingExpenses": "47000000",
            "investmentIncomeNet": "None",
            "netInterestIncome": "465000000",
            "interestIncome": "479000000",
            "interestExpense": "14000000",
            "nonInterestIncome": "284000000",
            "otherNonOperatingIncome": "None",
            "depreciation": "None",
            "depreciationAndAmortization": "26000000",
            "incomeBeforeTax": "421000000",
            "incomeTaxExpense": "93000000",
            "interestAndDebtExpense": "14000000",
            "netIncomeFromContinuingOperations": "-38000000",
            "comprehensiveIncomeNetOfTax": "313000000",
            "ebit": "435000000",
            "ebitda": "461000000",
            "netIncome": "328000000"
        },
        {
            "fiscalDateEnding": "2021-03-31",
            "reportedCurrency": "USD",
            "grossProfit": "638000000",
            "totalRevenue": "903000000",
            "costOfRevenue": "265000000",
            "costofGoodsAndServicesSold": "None",
            "operatingIncome": "566000000",
            "sellingGeneralAndAdministrative": "45000000",
            "researchAndDevelopment": "None",
            "operatingExpenses": "72000000",
            "investmentIncomeNet": "None",
            "netInterestIncome": "443000000",
            "interestIncome": "459000000",
            "interestExpense": "16000000",
            "nonInterestIncome": "270000000",
            "otherNonOperatingIncome": "None",
            "depreciation": "None",
            "depreciationAndAmortization": "25000000",
            "incomeBeforeTax": "448000000",
            "incomeTaxExpense": "98000000",
            "interestAndDebtExpense": "16000000",
            "netIncomeFromContinuingOperations": "21000000",
            "comprehensiveIncomeNetOfTax": "181000000",
            "ebit": "464000000",
            "ebitda": "489000000",
            "netIncome": "350000000"
        },
        {
            "fiscalDateEnding": "2020-12-31",
            "reportedCurrency": "USD",
            "grossProfit": "30000000",
            "totalRevenue": "486000000",
            "costOfRevenue": "456000000",
            "costofGoodsAndServicesSold": "None",
            "operatingIncome": "30000000",
            "sellingGeneralAndAdministrative": "141000000",
            "researchAndDevelopment": "None",
            "operatingExpenses": "172000000",
            "investmentIncomeNet": "None",
            "netInterestIncome": "469000000",
            "interestIncome": "489000000",
            "interestExpense": "20000000",
            "nonInterestIncome": "265000000",
            "otherNonOperatingIncome": "None",
            "depreciation": "None",
            "depreciationAndAmortization": "26000000",
            "incomeBeforeTax": "280000000",
            "incomeTaxExpense": "65000000",
            "interestAndDebtExpense": "20000000",
            "netIncomeFromContinuingOperations": "-506000000",
            "comprehensiveIncomeNetOfTax": "267000000",
            "ebit": "300000000",
            "ebitda": "326000000",
            "netIncome": "215000000"
        },
        {
            "fiscalDateEnding": "2020-09-30",
            "reportedCurrency": "USD",
            "grossProfit": "263000000",
            "totalRevenue": "714000000",
            "costOfRevenue": "451000000",
            "costofGoodsAndServicesSold": "None",
            "operatingIncome": "209000000",
            "sellingGeneralAndAdministrative": "49000000",
            "researchAndDevelopment": "None",
            "operatingExpenses": "54000000",
            "investmentIncomeNet": "None",
            "netInterestIncome": "458000000",
            "interestIncome": "484000000",
            "interestExpense": "26000000",
            "nonInterestIncome": "252000000",
            "otherNonOperatingIncome": "None",
            "depreciation": "None",
            "depreciationAndAmortization": "27000000",
            "incomeBeforeTax": "261000000",
            "incomeTaxExpense": "50000000",
            "interestAndDebtExpense": "26000000",
            "netIncomeFromContinuingOperations": "-285000000",
            "comprehensiveIncomeNetOfTax": "169000000",
            "ebit": "287000000",
            "ebitda": "314000000",
            "netIncome": "211000000"
        },
        {
            "fiscalDateEnding": "2020-06-30",
            "reportedCurrency": "USD",
            "grossProfit": "10000000",
            "totalRevenue": "588000000",
            "costOfRevenue": "578000000",
            "costofGoodsAndServicesSold": "None",
            "operatingIncome": "-40000000",
            "sellingGeneralAndAdministrative": "45000000",
            "researchAndDevelopment": "None",
            "operatingExpenses": "50000000",
            "investmentIncomeNet": "None",
            "netInterestIncome": "471000000",
            "interestIncome": "511000000",
            "interestExpense": "40000000",
            "nonInterestIncome": "247000000",
            "otherNonOperatingIncome": "None",
            "depreciation": "None",
            "depreciationAndAmortization": "29000000",
            "incomeBeforeTax": "141000000",
            "incomeTaxExpense": "28000000",
            "interestAndDebtExpense": "40000000",
            "netIncomeFromContinuingOperations": "-507000000",
            "comprehensiveIncomeNetOfTax": "97000000",
            "ebit": "181000000",
            "ebitda": "210000000",
            "netIncome": "113000000"
        },
        {
            "fiscalDateEnding": "2020-03-31",
            "reportedCurrency": "USD",
            "grossProfit": "-472000000",
            "totalRevenue": "364000000",
            "costOfRevenue": "836000000",
            "costofGoodsAndServicesSold": "None",
            "operatingIncome": "-544000000",
            "sellingGeneralAndAdministrative": "44000000",
            "researchAndDevelopment": "None",
            "operatingExpenses": "72000000",
            "investmentIncomeNet": "None",
            "netInterestIncome": "513000000",
            "interestIncome": "609000000",
            "interestExpense": "96000000",
            "nonInterestIncome": "237000000",
            "otherNonOperatingIncome": "None",
            "depreciation": "None",
            "depreciationAndAmortization": "26000000",
            "incomeBeforeTax": "-84000000",
            "incomeTaxExpense": "-19000000",
            "interestAndDebtExpense": "96000000",
            "netIncomeFromContinuingOperations": "-948000000",
            "comprehensiveIncomeNetOfTax": "344000000",
            "ebit": "12000000",
            "ebitda": "38000000",
            "netIncome": "-65000000"
        },
        {
            "fiscalDateEnding": "2019-12-31",
            "reportedCurrency": "USD",
            "grossProfit": "77000000",
            "totalRevenue": "536000000",
            "costOfRevenue": "459000000",
            "costofGoodsAndServicesSold": "None",
            "operatingIncome": "77000000",
            "sellingGeneralAndAdministrative": "107000000",
            "researchAndDevelopment": "None",
            "operatingExpenses": "143000000",
            "investmentIncomeNet": "None",
            "netInterestIncome": "544000000",
            "interestIncome": "659000000",
            "interestExpense": "115000000",
            "nonInterestIncome": "266000000",
            "otherNonOperatingIncome": "None",
            "depreciation": "None",
            "depreciationAndAmortization": "30000000",
            "incomeBeforeTax": "351000000",
            "incomeTaxExpense": "82000000",
            "interestAndDebtExpense": "115000000",
            "netIncomeFromContinuingOperations": "-456000000",
            "comprehensiveIncomeNetOfTax": "370000000",
            "ebit": "466000000",
            "ebitda": "496000000",
            "netIncome": "269000000"
        },
        {
            "fiscalDateEnding": "2019-09-30",
            "reportedCurrency": "USD",
            "grossProfit": "361000000",
            "totalRevenue": "831000000",
            "costOfRevenue": "470000000",
            "costofGoodsAndServicesSold": "None",
            "operatingIncome": "291000000",
            "sellingGeneralAndAdministrative": "65000000",
            "researchAndDevelopment": "None",
            "operatingExpenses": "70000000",
            "investmentIncomeNet": "None",
            "netInterestIncome": "586000000",
            "interestIncome": "711000000",
            "interestExpense": "125000000",
            "nonInterestIncome": "256000000",
            "otherNonOperatingIncome": "None",
            "depreciation": "None",
            "depreciationAndAmortization": "27000000",
            "incomeBeforeTax": "372000000",
            "incomeTaxExpense": "80000000",
            "interestAndDebtExpense": "125000000",
            "netIncomeFromContinuingOperations": "-224000000",
            "comprehensiveIncomeNetOfTax": "338000000",
            "ebit": "497000000",
            "ebitda": "524000000",
            "netIncome": "292000000"
        },
        {
            "fiscalDateEnding": "2019-06-30",
            "reportedCurrency": "USD",
            "grossProfit": "365000000",
            "totalRevenue": "833000000",
            "costOfRevenue": "468000000",
            "costofGoodsAndServicesSold": "None",
            "operatingIncome": "315000000",
            "sellingGeneralAndAdministrative": "46000000",
            "researchAndDevelopment": "None",
            "operatingExpenses": "50000000",
            "investmentIncomeNet": "None",
            "netInterestIncome": "603000000",
            "interestIncome": "727000000",
            "interestExpense": "124000000",
            "nonInterestIncome": "250000000",
            "otherNonOperatingIncome": "None",
            "depreciation": "None",
            "depreciationAndAmortization": "28000000",
            "incomeBeforeTax": "385000000",
            "incomeTaxExpense": "87000000",
            "interestAndDebtExpense": "124000000",
            "netIncomeFromContinuingOperations": "-196000000",
            "comprehensiveIncomeNetOfTax": "429000000",
            "ebit": "509000000",
            "ebitda": "537000000",
            "netIncome": "298000000"
        },
        {
            "fiscalDateEnding": "2019-03-31",
            "reportedCurrency": "USD",
            "grossProfit": "461000000",
            "totalRevenue": "881000000",
            "costOfRevenue": "420000000",
            "costofGoodsAndServicesSold": "None",
            "operatingIncome": "389000000",
            "sellingGeneralAndAdministrative": "42000000",
            "researchAndDevelopment": "None",
            "operatingExpenses": "72000000",
            "investmentIncomeNet": "None",
            "netInterestIncome": "606000000",
            "interestIncome": "710000000",
            "interestExpense": "104000000",
            "nonInterestIncome": "238000000",
            "otherNonOperatingIncome": "None",
            "depreciation": "None",
            "depreciationAndAmortization": "29000000",
            "incomeBeforeTax": "424000000",
            "incomeTaxExpense": "85000000",
            "interestAndDebtExpense": "104000000",
            "netIncomeFromContinuingOperations": "-129000000",
            "comprehensiveIncomeNetOfTax": "435000000",
            "ebit": "528000000",
            "ebitda": "557000000",
            "netIncome": "339000000"
        },
        {
            "fiscalDateEnding": "2018-12-31",
            "reportedCurrency": "USD",
            "grossProfit": "134000000",
            "totalRevenue": "598000000",
            "costOfRevenue": "464000000",
            "costofGoodsAndServicesSold": "106000000",
            "operatingIncome": "134000000",
            "sellingGeneralAndAdministrative": "170000000",
            "researchAndDevelopment": "None",
            "operatingExpenses": "218000000",
            "investmentIncomeNet": "None",
            "netInterestIncome": "614000000",
            "interestIncome": "704000000",
            "interestExpense": "90000000",
            "nonInterestIncome": "250000000",
            "otherNonOperatingIncome": "None",
            "depreciation": "None",
            "depreciationAndAmortization": "30000000",
            "incomeBeforeTax": "400000000",
            "incomeTaxExpense": "90000000",
            "interestAndDebtExpense": "90000000",
            "netIncomeFromContinuingOperations": "-404000000",
            "comprehensiveIncomeNetOfTax": "312000000",
            "ebit": "490000000",
            "ebitda": "520000000",
            "netIncome": "310000000"
        },
        {
            "fiscalDateEnding": "2018-09-30",
            "reportedCurrency": "USD",
            "grossProfit": "416000000",
            "totalRevenue": "868000000",
            "costOfRevenue": "452000000",
            "costofGoodsAndServicesSold": "76000000",
            "operatingIncome": "354000000",
            "sellingGeneralAndAdministrative": "46000000",
            "researchAndDevelopment": "None",
            "operatingExpenses": "62000000",
            "investmentIncomeNet": "None",
            "netInterestIncome": "599000000",
            "interestIncome": "675000000",
            "interestExpense": "76000000",
            "nonInterestIncome": "234000000",
            "otherNonOperatingIncome": "None",
            "depreciation": "None",
            "depreciationAndAmortization": "30000000",
            "incomeBeforeTax": "381000000",
            "incomeTaxExpense": "63000000",
            "interestAndDebtExpense": "76000000",
            "netIncomeFromContinuingOperations": "-161000000",
            "comprehensiveIncomeNetOfTax": "296000000",
            "ebit": "457000000",
            "ebitda": "487000000",
            "netIncome": "318000000"
        },
        {
            "fiscalDateEnding": "2018-06-30",
            "reportedCurrency": "USD",
            "grossProfit": "466000000",
            "totalRevenue": "885000000",
            "costOfRevenue": "419000000",
            "costofGoodsAndServicesSold": "31000000",
            "operatingIncome": "156000000",
            "sellingGeneralAndAdministrative": "295000000",
            "researchAndDevelopment": "None",
            "operatingExpenses": "310000000",
            "investmentIncomeNet": "None",
            "netInterestIncome": "590000000",
            "interestIncome": "650000000",
            "interestExpense": "60000000",
            "nonInterestIncome": "248000000",
            "otherNonOperatingIncome": "None",
            "depreciation": "None",
            "depreciationAndAmortization": "29000000",
            "incomeBeforeTax": "419000000",
            "incomeTaxExpense": "93000000",
            "interestAndDebtExpense": "60000000",
            "netIncomeFromContinuingOperations": "-385000000",
            "comprehensiveIncomeNetOfTax": "290000000",
            "ebit": "479000000",
            "ebitda": "508000000",
            "netIncome": "326000000"
        },
        {
            "fiscalDateEnding": "2018-03-31",
            "reportedCurrency": "USD",
            "grossProfit": "340000000",
            "totalRevenue": "798000000",
            "costOfRevenue": "458000000",
            "costofGoodsAndServicesSold": "53000000",
            "operatingIncome": "-9000000",
            "sellingGeneralAndAdministrative": "299000000",
            "researchAndDevelopment": "None",
            "operatingExpenses": "349000000",
            "investmentIncomeNet": "None",
            "netInterestIncome": "549000000",
            "interestIncome": "590000000",
            "interestExpense": "41000000",
            "nonInterestIncome": "244000000",
            "otherNonOperatingIncome": "None",
            "depreciation": "None",
            "depreciationAndAmortization": "31000000",
            "incomeBeforeTax": "335000000",
            "incomeTaxExpense": "54000000",
            "interestAndDebtExpense": "41000000",
            "netIncomeFromContinuingOperations": "-509000000",
            "comprehensiveIncomeNetOfTax": "178000000",
            "ebit": "376000000",
            "ebitda": "407000000",
            "netIncome": "281000000"
        }
    ]
}