{
    "symbol": "LNC",
    "annualReports": [
        {
            "fiscalDateEnding": "2022-12-31",
            "reportedCurrency": "USD",
            "grossProfit": "-12463000000",
            "totalRevenue": "18784000000",
            "costOfRevenue": "31247000000",
            "costofGoodsAndServicesSold": "342000000",
            "operatingIncome": "-22648000000",
            "sellingGeneralAndAdministrative": "2241000000",
            "researchAndDevelopment": "None",
            "operatingExpenses": "10185000000",
            "investmentIncomeNet": "-212000000",
            "netInterestIncome": "-287000000",
            "interestIncome": "283000000",
            "interestExpense": "287000000",
            "nonInterestIncome": "6423000000",
            "otherNonOperatingIncome": "None",
            "depreciation": "None",
            "depreciationAndAmortization": "23000000",
            "incomeBeforeTax": "-2811000000",
            "incomeTaxExpense": "-584000000",
            "interestAndDebtExpense": "287000000",
            "netIncomeFromContinuingOperations": "-2227000000",
            "comprehensiveIncomeNetOfTax": "-16336000000",
            "ebit": "-2524000000",
            "ebitda": "-2501000000",
            "netIncome": "-2227000000"
        },
        {
            "fiscalDateEnding": "2021-12-31",
            "reportedCurrency": "USD",
            "grossProfit": "-3335000000",
            "totalRevenue": "19230000000",
            "costOfRevenue": "22565000000",
            "costofGoodsAndServicesSold": "335000000",
            "operatingIncome": "-13636000000",
            "sellingGeneralAndAdministrative": "2251000000",
            "researchAndDevelopment": "None",
            "operatingExpenses": "10301000000",
            "investmentIncomeNet": "-153000000",
            "netInterestIncome": "-273000000",
            "interestIncome": "270000000",
            "interestExpense": "273000000",
            "nonInterestIncome": "5397000000",
            "otherNonOperatingIncome": "None",
            "depreciation": "None",
            "depreciationAndAmortization": "38000000",
            "incomeBeforeTax": "1638000000",
            "incomeTaxExpense": "233000000",
            "interestAndDebtExpense": "281000000",
            "netIncomeFromContinuingOperations": "1405000000",
            "comprehensiveIncomeNetOfTax": "-1085000000",
            "ebit": "1911000000",
            "ebitda": "1949000000",
            "netIncome": "1405000000"
        },
        {
            "fiscalDateEnding": "2020-12-31",
            "reportedCurrency": "USD",
            "grossProfit": "-5489000000",
            "totalRevenue": "17439000000",
            "costOfRevenue": "22928000000",
            "costofGoodsAndServicesSold": "321000000",
            "operatingIncome": "-14861000000",
            "sellingGeneralAndAdministrative": "2072000000",
            "researchAndDevelopment": "None",
            "operatingExpenses": "9372000000",
            "investmentIncomeNet": "-175000000",
            "netInterestIncome": "-290000000",
            "interestIncome": "284000000",
            "interestExpense": "290000000",
            "nonInterestIncome": "4844000000",
            "otherNonOperatingIncome": "None",
            "depreciation": "None",
            "depreciationAndAmortization": "53000000",
            "incomeBeforeTax": "423000000",
            "incomeTaxExpense": "-76000000",
            "interestAndDebtExpense": "305000000",
            "netIncomeFromContinuingOperations": "499000000",
            "comprehensiveIncomeNetOfTax": "3757000000",
            "ebit": "713000000",
            "ebitda": "766000000",
            "netIncome": "499000000"
        },
        {
            "fiscalDateEnding": "2019-12-31",
            "reportedCurrency": "USD",
            "grossProfit": "-3981000000",
            "totalRevenue": "17258000000",
            "costOfRevenue": "21239000000",
            "costofGoodsAndServicesSold": "343000000",
            "operatingIncome": "-14094000000",
            "sellingGeneralAndAdministrative": "2210000000",
            "researchAndDevelopment": "None",
            "operatingExpenses": "10113000000",
            "investmentIncomeNet": "-231000000",
            "netInterestIncome": "-339000000",
            "interestIncome": "339000000",
            "interestExpense": "339000000",
            "nonInterestIncome": "4861000000",
            "otherNonOperatingIncome": "None",
            "depreciation": "None",
            "depreciationAndAmortization": "67000000",
            "incomeBeforeTax": "919000000",
            "incomeTaxExpense": "33000000",
            "interestAndDebtExpense": "381000000",
            "netIncomeFromContinuingOperations": "886000000",
            "comprehensiveIncomeNetOfTax": "6152000000",
            "ebit": "1258000000",
            "ebitda": "1325000000",
            "netIncome": "886000000"
        },
        {
            "fiscalDateEnding": "2018-12-31",
            "reportedCurrency": "USD",
            "grossProfit": "-2091000000",
            "totalRevenue": "16424000000",
            "costOfRevenue": "18515000000",
            "costofGoodsAndServicesSold": "313000000",
            "operatingIncome": "-11063000000",
            "sellingGeneralAndAdministrative": "1953000000",
            "researchAndDevelopment": "None",
            "operatingExpenses": "8972000000",
            "investmentIncomeNet": "-186000000",
            "netInterestIncome": "-297000000",
            "interestIncome": "310000000",
            "interestExpense": "297000000",
            "nonInterestIncome": "5921000000",
            "otherNonOperatingIncome": "None",
            "depreciation": "None",
            "depreciationAndAmortization": "None",
            "incomeBeforeTax": "1885000000",
            "incomeTaxExpense": "244000000",
            "interestAndDebtExpense": "320000000",
            "netIncomeFromContinuingOperations": "1641000000",
            "comprehensiveIncomeNetOfTax": "-1824000000",
            "ebit": "2182000000",
            "ebitda": "2182000000",
            "netIncome": "1641000000"
        }
    ],
    "quarterlyReports": [
        {
            "fiscalDateEnding": "2022-12-31",
            "reportedCurrency": "USD",
            "grossProfit": "-3169000000",
            "totalRevenue": "4195000000",
            "costOfRevenue": "7364000000",
            "costofGoodsAndServicesSold": "None",
            "operatingIncome": "-8999000000",
            "sellingGeneralAndAdministrative": "None",
            "researchAndDevelopment": "None",
            "operatingExpenses": "5830000000",
            "investmentIncomeNet": "None",
            "netInterestIncome": "-82000000",
            "interestIncome": "77000000",
            "interestExpense": "82000000",
            "nonInterestIncome": "1129000000",
            "otherNonOperatingIncome": "None",
            "depreciation": "None",
            "depreciationAndAmortization": "None",
            "incomeBeforeTax": "-35000000",
            "incomeTaxExpense": "-41000000",
            "interestAndDebtExpense": "82000000",
            "netIncomeFromContinuingOperations": "6000000",
            "comprehensiveIncomeNetOfTax": "966000000",
            "ebit": "47000000",
            "ebitda": "8949000000",
            "netIncome": "6000000"
        },
        {
            "fiscalDateEnding": "2022-09-30",
            "reportedCurrency": "USD",
            "grossProfit": "-6770000000",
            "totalRevenue": "4798000000",
            "costOfRevenue": "11568000000",
            "costofGoodsAndServicesSold": "None",
            "operatingIncome": "-8762000000",
            "sellingGeneralAndAdministrative": "None",
            "researchAndDevelopment": "None",
            "operatingExpenses": "1992000000",
            "investmentIncomeNet": "None",
            "netInterestIncome": "-71000000",
            "interestIncome": "71000000",
            "interestExpense": "71000000",
            "nonInterestIncome": "1768000000",
            "otherNonOperatingIncome": "None",
            "depreciation": "None",
            "depreciationAndAmortization": "None",
            "incomeBeforeTax": "-3137000000",
            "incomeTaxExpense": "-563000000",
            "interestAndDebtExpense": "71000000",
            "netIncomeFromContinuingOperations": "-2574000000",
            "comprehensiveIncomeNetOfTax": "-6859000000",
            "ebit": "-3066000000",
            "ebitda": "-3066000000",
            "netIncome": "-2574000000"
        },
        {
            "fiscalDateEnding": "2022-06-30",
            "reportedCurrency": "USD",
            "grossProfit": "-1382000000",
            "totalRevenue": "5104000000",
            "costOfRevenue": "6486000000",
            "costofGoodsAndServicesSold": "None",
            "operatingIncome": "-2509000000",
            "sellingGeneralAndAdministrative": "None",
            "researchAndDevelopment": "None",
            "operatingExpenses": "1127000000",
            "investmentIncomeNet": "None",
            "netInterestIncome": "-68000000",
            "interestIncome": "68000000",
            "interestExpense": "68000000",
            "nonInterestIncome": "2020000000",
            "otherNonOperatingIncome": "None",
            "depreciation": "None",
            "depreciationAndAmortization": "None",
            "incomeBeforeTax": "269000000",
            "incomeTaxExpense": "31000000",
            "interestAndDebtExpense": "68000000",
            "netIncomeFromContinuingOperations": "238000000",
            "comprehensiveIncomeNetOfTax": "-5355000000",
            "ebit": "337000000",
            "ebitda": "337000000",
            "netIncome": "238000000"
        },
        {
            "fiscalDateEnding": "2022-03-31",
            "reportedCurrency": "USD",
            "grossProfit": "-1140000000",
            "totalRevenue": "4687000000",
            "costOfRevenue": "5827000000",
            "costofGoodsAndServicesSold": "None",
            "operatingIncome": "-2376000000",
            "sellingGeneralAndAdministrative": "None",
            "researchAndDevelopment": "None",
            "operatingExpenses": "1236000000",
            "investmentIncomeNet": "None",
            "netInterestIncome": "-66000000",
            "interestIncome": "66000000",
            "interestExpense": "66000000",
            "nonInterestIncome": "1506000000",
            "otherNonOperatingIncome": "None",
            "depreciation": "None",
            "depreciationAndAmortization": "-19000000",
            "incomeBeforeTax": "92000000",
            "incomeTaxExpense": "-12000000",
            "interestAndDebtExpense": "66000000",
            "netIncomeFromContinuingOperations": "104000000",
            "comprehensiveIncomeNetOfTax": "-5087000000",
            "ebit": "158000000",
            "ebitda": "158000000",
            "netIncome": "104000000"
        },
        {
            "fiscalDateEnding": "2021-12-31",
            "reportedCurrency": "USD",
            "grossProfit": "-3182000000",
            "totalRevenue": "4603000000",
            "costOfRevenue": "7785000000",
            "costofGoodsAndServicesSold": "None",
            "operatingIncome": "-9021000000",
            "sellingGeneralAndAdministrative": "None",
            "researchAndDevelopment": "None",
            "operatingExpenses": "5839000000",
            "investmentIncomeNet": "None",
            "netInterestIncome": "-69000000",
            "interestIncome": "66000000",
            "interestExpense": "69000000",
            "nonInterestIncome": "1296000000",
            "otherNonOperatingIncome": "None",
            "depreciation": "None",
            "depreciationAndAmortization": "-46000000",
            "incomeBeforeTax": "236000000",
            "incomeTaxExpense": "16000000",
            "interestAndDebtExpense": "77000000",
            "netIncomeFromContinuingOperations": "220000000",
            "comprehensiveIncomeNetOfTax": "-188000000",
            "ebit": "305000000",
            "ebitda": "302000000",
            "netIncome": "220000000"
        },
        {
            "fiscalDateEnding": "2021-09-30",
            "reportedCurrency": "USD",
            "grossProfit": "247000000",
            "totalRevenue": "5241000000",
            "costOfRevenue": "4994000000",
            "costofGoodsAndServicesSold": "None",
            "operatingIncome": "-1659000000",
            "sellingGeneralAndAdministrative": "None",
            "researchAndDevelopment": "None",
            "operatingExpenses": "1906000000",
            "investmentIncomeNet": "None",
            "netInterestIncome": "-73000000",
            "interestIncome": "73000000",
            "interestExpense": "73000000",
            "nonInterestIncome": "1479000000",
            "otherNonOperatingIncome": "None",
            "depreciation": "None",
            "depreciationAndAmortization": "-27000000",
            "incomeBeforeTax": "368000000",
            "incomeTaxExpense": "50000000",
            "interestAndDebtExpense": "73000000",
            "netIncomeFromContinuingOperations": "318000000",
            "comprehensiveIncomeNetOfTax": "-312000000",
            "ebit": "441000000",
            "ebitda": "441000000",
            "netIncome": "318000000"
        },
        {
            "fiscalDateEnding": "2021-06-30",
            "reportedCurrency": "USD",
            "grossProfit": "267000000",
            "totalRevenue": "4851000000",
            "costOfRevenue": "4584000000",
            "costofGoodsAndServicesSold": "None",
            "operatingIncome": "-1059000000",
            "sellingGeneralAndAdministrative": "None",
            "researchAndDevelopment": "None",
            "operatingExpenses": "1326000000",
            "investmentIncomeNet": "None",
            "netInterestIncome": "-65000000",
            "interestIncome": "65000000",
            "interestExpense": "65000000",
            "nonInterestIncome": "1396000000",
            "otherNonOperatingIncome": "None",
            "depreciation": "None",
            "depreciationAndAmortization": "-17000000",
            "incomeBeforeTax": "772000000",
            "incomeTaxExpense": "130000000",
            "interestAndDebtExpense": "65000000",
            "netIncomeFromContinuingOperations": "642000000",
            "comprehensiveIncomeNetOfTax": "2360000000",
            "ebit": "837000000",
            "ebitda": "837000000",
            "netIncome": "642000000"
        },
        {
            "fiscalDateEnding": "2021-03-31",
            "reportedCurrency": "USD",
            "grossProfit": "-631000000",
            "totalRevenue": "4534000000",
            "costOfRevenue": "5165000000",
            "costofGoodsAndServicesSold": "None",
            "operatingIncome": "-1862000000",
            "sellingGeneralAndAdministrative": "None",
            "researchAndDevelopment": "None",
            "operatingExpenses": "1231000000",
            "investmentIncomeNet": "None",
            "netInterestIncome": "-65000000",
            "interestIncome": "65000000",
            "interestExpense": "65000000",
            "nonInterestIncome": "1225000000",
            "otherNonOperatingIncome": "None",
            "depreciation": "None",
            "depreciationAndAmortization": "-9000000",
            "incomeBeforeTax": "262000000",
            "incomeTaxExpense": "37000000",
            "interestAndDebtExpense": "65000000",
            "netIncomeFromContinuingOperations": "225000000",
            "comprehensiveIncomeNetOfTax": "-2945000000",
            "ebit": "327000000",
            "ebitda": "327000000",
            "netIncome": "225000000"
        },
        {
            "fiscalDateEnding": "2020-12-31",
            "reportedCurrency": "USD",
            "grossProfit": "4135000000",
            "totalRevenue": "4135000000",
            "costOfRevenue": "7207000000",
            "costofGoodsAndServicesSold": "None",
            "operatingIncome": "4135000000",
            "sellingGeneralAndAdministrative": "None",
            "researchAndDevelopment": "None",
            "operatingExpenses": "5565000000",
            "investmentIncomeNet": "None",
            "netInterestIncome": "-72000000",
            "interestIncome": "65000000",
            "interestExpense": "72000000",
            "nonInterestIncome": "895000000",
            "otherNonOperatingIncome": "None",
            "depreciation": "None",
            "depreciationAndAmortization": "-9000",
            "incomeBeforeTax": "89000000",
            "incomeTaxExpense": "-54000000",
            "interestAndDebtExpense": "72000000",
            "netIncomeFromContinuingOperations": "4135000000",
            "comprehensiveIncomeNetOfTax": "1265000000",
            "ebit": "161000000",
            "ebitda": "154991000",
            "netIncome": "143000000"
        },
        {
            "fiscalDateEnding": "2020-09-30",
            "reportedCurrency": "USD",
            "grossProfit": "-268000000",
            "totalRevenue": "5361000000",
            "costOfRevenue": "5629000000",
            "costofGoodsAndServicesSold": "None",
            "operatingIncome": "-1867000000",
            "sellingGeneralAndAdministrative": "None",
            "researchAndDevelopment": "None",
            "operatingExpenses": "1599000000",
            "investmentIncomeNet": "None",
            "netInterestIncome": "-66000000",
            "interestIncome": "66000000",
            "interestExpense": "66000000",
            "nonInterestIncome": "1922000000",
            "otherNonOperatingIncome": "None",
            "depreciation": "None",
            "depreciationAndAmortization": "-32000",
            "incomeBeforeTax": "460000000",
            "incomeTaxExpense": "62000000",
            "interestAndDebtExpense": "66000000",
            "netIncomeFromContinuingOperations": "398000000",
            "comprehensiveIncomeNetOfTax": "884000000",
            "ebit": "526000000",
            "ebitda": "526000000",
            "netIncome": "398000000"
        },
        {
            "fiscalDateEnding": "2020-06-30",
            "reportedCurrency": "USD",
            "grossProfit": "-778000000",
            "totalRevenue": "3517000000",
            "costOfRevenue": "4295000000",
            "costofGoodsAndServicesSold": "None",
            "operatingIncome": "-1901000000",
            "sellingGeneralAndAdministrative": "None",
            "researchAndDevelopment": "None",
            "operatingExpenses": "1123000000",
            "investmentIncomeNet": "None",
            "netInterestIncome": "-84000000",
            "interestIncome": "84000000",
            "interestExpense": "84000000",
            "nonInterestIncome": "695000000",
            "otherNonOperatingIncome": "None",
            "depreciation": "None",
            "depreciationAndAmortization": "None",
            "incomeBeforeTax": "-161000000",
            "incomeTaxExpense": "-67000000",
            "interestAndDebtExpense": "84000000",
            "netIncomeFromContinuingOperations": "-94000000",
            "comprehensiveIncomeNetOfTax": "4225000000",
            "ebit": "-77000000",
            "ebitda": "-77000000",
            "netIncome": "-94000000"
        },
        {
            "fiscalDateEnding": "2020-03-31",
            "reportedCurrency": "USD",
            "grossProfit": "-1372000000",
            "totalRevenue": "4425000000",
            "costOfRevenue": "5797000000",
            "costofGoodsAndServicesSold": "None",
            "operatingIncome": "-2457000000",
            "sellingGeneralAndAdministrative": "None",
            "researchAndDevelopment": "None",
            "operatingExpenses": "1085000000",
            "investmentIncomeNet": "None",
            "netInterestIncome": "-68000000",
            "interestIncome": "68000000",
            "interestExpense": "68000000",
            "nonInterestIncome": "1349000000",
            "otherNonOperatingIncome": "None",
            "depreciation": "None",
            "depreciationAndAmortization": "None",
            "incomeBeforeTax": "34000000",
            "incomeTaxExpense": "-18000000",
            "interestAndDebtExpense": "68000000",
            "netIncomeFromContinuingOperations": "52000000",
            "comprehensiveIncomeNetOfTax": "-2617000000",
            "ebit": "102000000",
            "ebitda": "102000000",
            "netIncome": "52000000"
        },
        {
            "fiscalDateEnding": "2019-12-31",
            "reportedCurrency": "USD",
            "grossProfit": "4344000000",
            "totalRevenue": "4344000000",
            "costOfRevenue": "6900000000",
            "costofGoodsAndServicesSold": "495000000",
            "operatingIncome": "4344000000",
            "sellingGeneralAndAdministrative": "14000000",
            "researchAndDevelopment": "None",
            "operatingExpenses": "6062000000",
            "investmentIncomeNet": "None",
            "netInterestIncome": "-74000000",
            "interestIncome": "74000000",
            "interestExpense": "74000000",
            "nonInterestIncome": "1224000000",
            "otherNonOperatingIncome": "None",
            "depreciation": "None",
            "depreciationAndAmortization": "15000000",
            "incomeBeforeTax": "480000000",
            "incomeTaxExpense": "49000000",
            "interestAndDebtExpense": "74000000",
            "netIncomeFromContinuingOperations": "4344000000",
            "comprehensiveIncomeNetOfTax": "-143000000",
            "ebit": "554000000",
            "ebitda": "569000000",
            "netIncome": "431000000"
        },
        {
            "fiscalDateEnding": "2019-09-30",
            "reportedCurrency": "USD",
            "grossProfit": "-1086000000",
            "totalRevenue": "4638000000",
            "costOfRevenue": "5724000000",
            "costofGoodsAndServicesSold": "4759000000",
            "operatingIncome": "-2653000000",
            "sellingGeneralAndAdministrative": "13000000",
            "researchAndDevelopment": "None",
            "operatingExpenses": "1567000000",
            "investmentIncomeNet": "None",
            "netInterestIncome": "-117000000",
            "interestIncome": "113000000",
            "interestExpense": "117000000",
            "nonInterestIncome": "1314000000",
            "otherNonOperatingIncome": "None",
            "depreciation": "None",
            "depreciationAndAmortization": "15000000",
            "incomeBeforeTax": "-250000000",
            "incomeTaxExpense": "-89000000",
            "interestAndDebtExpense": "117000000",
            "netIncomeFromContinuingOperations": "-161000000",
            "comprehensiveIncomeNetOfTax": "1751000000",
            "ebit": "-133000000",
            "ebitda": "-118000000",
            "netIncome": "-161000000"
        },
        {
            "fiscalDateEnding": "2019-06-30",
            "reportedCurrency": "USD",
            "grossProfit": "-93000000",
            "totalRevenue": "4310000000",
            "costOfRevenue": "4403000000",
            "costofGoodsAndServicesSold": "3804000000",
            "operatingIncome": "-1384000000",
            "sellingGeneralAndAdministrative": "13000000",
            "researchAndDevelopment": "None",
            "operatingExpenses": "1291000000",
            "investmentIncomeNet": "None",
            "netInterestIncome": "-74000000",
            "interestIncome": "70000000",
            "interestExpense": "74000000",
            "nonInterestIncome": "1281000000",
            "otherNonOperatingIncome": "None",
            "depreciation": "None",
            "depreciationAndAmortization": "19000000",
            "incomeBeforeTax": "421000000",
            "incomeTaxExpense": "58000000",
            "interestAndDebtExpense": "74000000",
            "netIncomeFromContinuingOperations": "363000000",
            "comprehensiveIncomeNetOfTax": "2246000000",
            "ebit": "495000000",
            "ebitda": "514000000",
            "netIncome": "363000000"
        },
        {
            "fiscalDateEnding": "2019-03-31",
            "reportedCurrency": "USD",
            "grossProfit": "-227000000",
            "totalRevenue": "3965000000",
            "costOfRevenue": "4192000000",
            "costofGoodsAndServicesSold": "3611000000",
            "operatingIncome": "-1403000000",
            "sellingGeneralAndAdministrative": "13000000",
            "researchAndDevelopment": "None",
            "operatingExpenses": "1176000000",
            "investmentIncomeNet": "None",
            "netInterestIncome": "-71000000",
            "interestIncome": "71000000",
            "interestExpense": "71000000",
            "nonInterestIncome": "1084000000",
            "otherNonOperatingIncome": "None",
            "depreciation": "None",
            "depreciationAndAmortization": "18000000",
            "incomeBeforeTax": "268000000",
            "incomeTaxExpense": "16000000",
            "interestAndDebtExpense": "71000000",
            "netIncomeFromContinuingOperations": "252000000",
            "comprehensiveIncomeNetOfTax": "2298000000",
            "ebit": "339000000",
            "ebitda": "357000000",
            "netIncome": "252000000"
        },
        {
            "fiscalDateEnding": "2018-12-31",
            "reportedCurrency": "USD",
            "grossProfit": "4531000000",
            "totalRevenue": "4531000000",
            "costOfRevenue": "7211000000",
            "costofGoodsAndServicesSold": "1119000000",
            "operatingIncome": "4531000000",
            "sellingGeneralAndAdministrative": "2418000000",
            "researchAndDevelopment": "None",
            "operatingExpenses": "5312000000",
            "investmentIncomeNet": "None",
            "netInterestIncome": "-69000000",
            "interestIncome": "None",
            "interestExpense": "69000000",
            "nonInterestIncome": "1657000000",
            "otherNonOperatingIncome": "None",
            "depreciation": "None",
            "depreciationAndAmortization": "None",
            "incomeBeforeTax": "467000000",
            "incomeTaxExpense": "68000000",
            "interestAndDebtExpense": "92000000",
            "netIncomeFromContinuingOperations": "4531000000",
            "comprehensiveIncomeNetOfTax": "-30000000",
            "ebit": "536000000",
            "ebitda": "536000000",
            "netIncome": "399000000"
        },
        {
            "fiscalDateEnding": "2018-09-30",
            "reportedCurrency": "USD",
            "grossProfit": "350000000",
            "totalRevenue": "4264000000",
            "costOfRevenue": "3914000000",
            "costofGoodsAndServicesSold": "3635000000",
            "operatingIncome": "-1027000000",
            "sellingGeneralAndAdministrative": "2418000000",
            "researchAndDevelopment": "None",
            "operatingExpenses": "1377000000",
            "investmentIncomeNet": "None",
            "netInterestIncome": "-69000000",
            "interestIncome": "None",
            "interestExpense": "69000000",
            "nonInterestIncome": "1676000000",
            "otherNonOperatingIncome": "None",
            "depreciation": "None",
            "depreciationAndAmortization": "None",
            "incomeBeforeTax": "532000000",
            "incomeTaxExpense": "42000000",
            "interestAndDebtExpense": "69000000",
            "netIncomeFromContinuingOperations": "490000000",
            "comprehensiveIncomeNetOfTax": "125000000",
            "ebit": "601000000",
            "ebitda": "601000000",
            "netIncome": "490000000"
        },
        {
            "fiscalDateEnding": "2018-06-30",
            "reportedCurrency": "USD",
            "grossProfit": "7000000",
            "totalRevenue": "4020000000",
            "costOfRevenue": "4013000000",
            "costofGoodsAndServicesSold": "3441000000",
            "operatingIncome": "-1214000000",
            "sellingGeneralAndAdministrative": "2418000000",
            "researchAndDevelopment": "None",
            "operatingExpenses": "1221000000",
            "investmentIncomeNet": "None",
            "netInterestIncome": "-68000000",
            "interestIncome": "None",
            "interestExpense": "68000000",
            "nonInterestIncome": "1499000000",
            "otherNonOperatingIncome": "None",
            "depreciation": "None",
            "depreciationAndAmortization": "None",
            "incomeBeforeTax": "451000000",
            "incomeTaxExpense": "66000000",
            "interestAndDebtExpense": "68000000",
            "netIncomeFromContinuingOperations": "385000000",
            "comprehensiveIncomeNetOfTax": "-647000000",
            "ebit": "519000000",
            "ebitda": "519000000",
            "netIncome": "385000000"
        },
        {
            "fiscalDateEnding": "2018-03-31",
            "reportedCurrency": "USD",
            "grossProfit": "240000000",
            "totalRevenue": "3609000000",
            "costOfRevenue": "3369000000",
            "costofGoodsAndServicesSold": "3068000000",
            "operatingIncome": "-817000000",
            "sellingGeneralAndAdministrative": "2418000000",
            "researchAndDevelopment": "None",
            "operatingExpenses": "1057000000",
            "investmentIncomeNet": "None",
            "netInterestIncome": "-91000000",
            "interestIncome": "None",
            "interestExpense": "91000000",
            "nonInterestIncome": "1066000000",
            "otherNonOperatingIncome": "None",
            "depreciation": "None",
            "depreciationAndAmortization": "None",
            "incomeBeforeTax": "435000000",
            "incomeTaxExpense": "68000000",
            "interestAndDebtExpense": "114000000",
            "netIncomeFromContinuingOperations": "367000000",
            "comprehensiveIncomeNetOfTax": "-1272000000",
            "ebit": "526000000",
            "ebitda": "526000000",
            "netIncome": "367000000"
        }
    ]
}