{
    "symbol": "MRO",
    "annualReports": [
        {
            "fiscalDateEnding": "2022-12-31",
            "reportedCurrency": "USD",
            "grossProfit": "7719000000",
            "totalRevenue": "8036000000",
            "costOfRevenue": "317000000",
            "costofGoodsAndServicesSold": "1753000000",
            "operatingIncome": "3951000000",
            "sellingGeneralAndAdministrative": "308000000",
            "researchAndDevelopment": "None",
            "operatingExpenses": "462000000",
            "investmentIncomeNet": "15000000",
            "netInterestIncome": "-193000000",
            "interestIncome": "34000000",
            "interestExpense": "227000000",
            "nonInterestIncome": "7426000000",
            "otherNonOperatingIncome": "None",
            "depreciation": "None",
            "depreciationAndAmortization": "4000000",
            "incomeBeforeTax": "3779000000",
            "incomeTaxExpense": "167000000",
            "interestAndDebtExpense": "227000000",
            "netIncomeFromContinuingOperations": "3612000000",
            "comprehensiveIncomeNetOfTax": "3636000000",
            "ebit": "3951000000",
            "ebitda": "4010000000",
            "netIncome": "3612000000"
        },
        {
            "fiscalDateEnding": "2021-12-31",
            "reportedCurrency": "USD",
            "grossProfit": "4944000000",
            "totalRevenue": "5467000000",
            "costOfRevenue": "523000000",
            "costofGoodsAndServicesSold": "3327000000",
            "operatingIncome": "1308000000",
            "sellingGeneralAndAdministrative": "291000000",
            "researchAndDevelopment": "None",
            "operatingExpenses": "686000000",
            "investmentIncomeNet": "1000000",
            "netInterestIncome": "-202000000",
            "interestIncome": "55000000",
            "interestExpense": "257000000",
            "nonInterestIncome": "5085000000",
            "otherNonOperatingIncome": "14000000",
            "depreciation": "None",
            "depreciationAndAmortization": "3000000",
            "incomeBeforeTax": "1004000000",
            "incomeTaxExpense": "58000000",
            "interestAndDebtExpense": "378000000",
            "netIncomeFromContinuingOperations": "946000000",
            "comprehensiveIncomeNetOfTax": "955000000",
            "ebit": "1308000000",
            "ebitda": "1264000000",
            "netIncome": "946000000"
        },
        {
            "fiscalDateEnding": "2020-12-31",
            "reportedCurrency": "USD",
            "grossProfit": "2163000000",
            "totalRevenue": "3086000000",
            "costOfRevenue": "923000000",
            "costofGoodsAndServicesSold": "3467000000",
            "operatingIncome": "-1180000000",
            "sellingGeneralAndAdministrative": "274000000",
            "researchAndDevelopment": "None",
            "operatingExpenses": "1116000000",
            "investmentIncomeNet": "5000000",
            "netInterestIncome": "-262000000",
            "interestIncome": "17000000",
            "interestExpense": "279000000",
            "nonInterestIncome": "3301000000",
            "otherNonOperatingIncome": "6000000",
            "depreciation": "None",
            "depreciationAndAmortization": "2316000000",
            "incomeBeforeTax": "-1465000000",
            "incomeTaxExpense": "-14000000",
            "interestAndDebtExpense": "307000000",
            "netIncomeFromContinuingOperations": "-1451000000",
            "comprehensiveIncomeNetOfTax": "-1483000000",
            "ebit": "-1180000000",
            "ebitda": "1130000000",
            "netIncome": "-1451000000"
        },
        {
            "fiscalDateEnding": "2019-12-31",
            "reportedCurrency": "USD",
            "grossProfit": "4668000000",
            "totalRevenue": "5190000000",
            "costOfRevenue": "522000000",
            "costofGoodsAndServicesSold": "3714000000",
            "operatingIncome": "636000000",
            "sellingGeneralAndAdministrative": "356000000",
            "researchAndDevelopment": "None",
            "operatingExpenses": "621000000",
            "investmentIncomeNet": "25000000",
            "netInterestIncome": "-255000000",
            "interestIncome": "25000000",
            "interestExpense": "280000000",
            "nonInterestIncome": "4920000000",
            "otherNonOperatingIncome": "7000000",
            "depreciation": "None",
            "depreciationAndAmortization": "2397000000",
            "incomeBeforeTax": "392000000",
            "incomeTaxExpense": "-88000000",
            "interestAndDebtExpense": "283000000",
            "netIncomeFromContinuingOperations": "480000000",
            "comprehensiveIncomeNetOfTax": "522000000",
            "ebit": "636000000",
            "ebitda": "3069000000",
            "netIncome": "480000000"
        },
        {
            "fiscalDateEnding": "2018-12-31",
            "reportedCurrency": "USD",
            "grossProfit": "4932000000",
            "totalRevenue": "6582000000",
            "costOfRevenue": "1650000000",
            "costofGoodsAndServicesSold": "842000000",
            "operatingIncome": "1667000000",
            "sellingGeneralAndAdministrative": "394000000",
            "researchAndDevelopment": "None",
            "operatingExpenses": "778000000",
            "investmentIncomeNet": "32000000",
            "netInterestIncome": "-248000000",
            "interestIncome": "32000000",
            "interestExpense": "280000000",
            "nonInterestIncome": "5883000000",
            "otherNonOperatingIncome": "13000000",
            "depreciation": "None",
            "depreciationAndAmortization": "2441000000",
            "incomeBeforeTax": "1427000000",
            "incomeTaxExpense": "331000000",
            "interestAndDebtExpense": "280000000",
            "netIncomeFromContinuingOperations": "1096000000",
            "comprehensiveIncomeNetOfTax": "1221000000",
            "ebit": "1667000000",
            "ebitda": "4148000000",
            "netIncome": "1096000000"
        }
    ],
    "quarterlyReports": [
        {
            "fiscalDateEnding": "2022-12-31",
            "reportedCurrency": "USD",
            "grossProfit": "1637000000",
            "totalRevenue": "1733000000",
            "costOfRevenue": "96000000",
            "costofGoodsAndServicesSold": "-650000000",
            "operatingIncome": "748000000",
            "sellingGeneralAndAdministrative": "88000000",
            "researchAndDevelopment": "None",
            "operatingExpenses": "152000000",
            "investmentIncomeNet": "None",
            "netInterestIncome": "-60000000",
            "interestIncome": "60000000",
            "interestExpense": "None",
            "nonInterestIncome": "1618000000",
            "otherNonOperatingIncome": "None",
            "depreciation": "None",
            "depreciationAndAmortization": "1753000000",
            "incomeBeforeTax": "690000000",
            "incomeTaxExpense": "165000000",
            "interestAndDebtExpense": "227000000",
            "netIncomeFromContinuingOperations": "525000000",
            "comprehensiveIncomeNetOfTax": "533000000",
            "ebit": "748000000",
            "ebitda": "2443000000",
            "netIncome": "525000000"
        },
        {
            "fiscalDateEnding": "2022-09-30",
            "reportedCurrency": "USD",
            "grossProfit": "2171000000",
            "totalRevenue": "2247000000",
            "costOfRevenue": "76000000",
            "costofGoodsAndServicesSold": "852000000",
            "operatingIncome": "1104000000",
            "sellingGeneralAndAdministrative": "79000000",
            "researchAndDevelopment": "None",
            "operatingExpenses": "147000000",
            "investmentIncomeNet": "None",
            "netInterestIncome": "-52000000",
            "interestIncome": "52000000",
            "interestExpense": "52000000",
            "nonInterestIncome": "2049000000",
            "otherNonOperatingIncome": "None",
            "depreciation": "None",
            "depreciationAndAmortization": "460000000",
            "incomeBeforeTax": "1057000000",
            "incomeTaxExpense": "240000000",
            "interestAndDebtExpense": "0",
            "netIncomeFromContinuingOperations": "817000000",
            "comprehensiveIncomeNetOfTax": "821000000",
            "ebit": "1104000000",
            "ebitda": "1465000000",
            "netIncome": "817000000"
        },
        {
            "fiscalDateEnding": "2022-06-30",
            "reportedCurrency": "USD",
            "grossProfit": "2238000000",
            "totalRevenue": "2303000000",
            "costOfRevenue": "65000000",
            "costofGoodsAndServicesSold": "791000000",
            "operatingIncome": "1294000000",
            "sellingGeneralAndAdministrative": "68000000",
            "researchAndDevelopment": "None",
            "operatingExpenses": "74000000",
            "investmentIncomeNet": "None",
            "netInterestIncome": "-54000000",
            "interestIncome": "54000000",
            "interestExpense": "54000000",
            "nonInterestIncome": "2141000000",
            "otherNonOperatingIncome": "None",
            "depreciation": "None",
            "depreciationAndAmortization": "436000000",
            "incomeBeforeTax": "1245000000",
            "incomeTaxExpense": "279000000",
            "interestAndDebtExpense": "0",
            "netIncomeFromContinuingOperations": "966000000",
            "comprehensiveIncomeNetOfTax": "970000000",
            "ebit": "1294000000",
            "ebitda": "1627000000",
            "netIncome": "966000000"
        },
        {
            "fiscalDateEnding": "2022-03-31",
            "reportedCurrency": "USD",
            "grossProfit": "1680000000",
            "totalRevenue": "1753000000",
            "costOfRevenue": "73000000",
            "costofGoodsAndServicesSold": "760000000",
            "operatingIncome": "805000000",
            "sellingGeneralAndAdministrative": "73000000",
            "researchAndDevelopment": "None",
            "operatingExpenses": "84000000",
            "investmentIncomeNet": "None",
            "netInterestIncome": "-22000000",
            "interestIncome": "22000000",
            "interestExpense": "22000000",
            "nonInterestIncome": "1618000000",
            "otherNonOperatingIncome": "None",
            "depreciation": "None",
            "depreciationAndAmortization": "423000000",
            "incomeBeforeTax": "787000000",
            "incomeTaxExpense": "-517000000",
            "interestAndDebtExpense": "0",
            "netIncomeFromContinuingOperations": "1304000000",
            "comprehensiveIncomeNetOfTax": "1312000000",
            "ebit": "805000000",
            "ebitda": "1188000000",
            "netIncome": "1304000000"
        },
        {
            "fiscalDateEnding": "2021-12-31",
            "reportedCurrency": "USD",
            "grossProfit": "1571000000",
            "totalRevenue": "1800000000",
            "costOfRevenue": "229000000",
            "costofGoodsAndServicesSold": "861000000",
            "operatingIncome": "739000000",
            "sellingGeneralAndAdministrative": "64000000",
            "researchAndDevelopment": "None",
            "operatingExpenses": "290000000",
            "investmentIncomeNet": "None",
            "netInterestIncome": "-59000000",
            "interestIncome": "59000000",
            "interestExpense": "127000000",
            "nonInterestIncome": "1735000000",
            "otherNonOperatingIncome": "None",
            "depreciation": "None",
            "depreciationAndAmortization": "516000000",
            "incomeBeforeTax": "683000000",
            "incomeTaxExpense": "34000000",
            "interestAndDebtExpense": "257000000",
            "netIncomeFromContinuingOperations": "649000000",
            "comprehensiveIncomeNetOfTax": "649000000",
            "ebit": "739000000",
            "ebitda": "1072000000",
            "netIncome": "649000000"
        },
        {
            "fiscalDateEnding": "2021-09-30",
            "reportedCurrency": "USD",
            "grossProfit": "1370000000",
            "totalRevenue": "1453000000",
            "costOfRevenue": "83000000",
            "costofGoodsAndServicesSold": "872000000",
            "operatingIncome": "347000000",
            "sellingGeneralAndAdministrative": "70000000",
            "researchAndDevelopment": "None",
            "operatingExpenses": "139000000",
            "investmentIncomeNet": "None",
            "netInterestIncome": "-57000000",
            "interestIncome": "57000000",
            "interestExpense": "57000000",
            "nonInterestIncome": "1257000000",
            "otherNonOperatingIncome": "-102000000",
            "depreciation": "None",
            "depreciationAndAmortization": "522000000",
            "incomeBeforeTax": "188000000",
            "incomeTaxExpense": "4000000",
            "interestAndDebtExpense": "102000000",
            "netIncomeFromContinuingOperations": "184000000",
            "comprehensiveIncomeNetOfTax": "189000000",
            "ebit": "347000000",
            "ebitda": "653000000",
            "netIncome": "184000000"
        },
        {
            "fiscalDateEnding": "2021-06-30",
            "reportedCurrency": "USD",
            "grossProfit": "1028000000",
            "totalRevenue": "1143000000",
            "costOfRevenue": "115000000",
            "costofGoodsAndServicesSold": "825000000",
            "operatingIncome": "105000000",
            "sellingGeneralAndAdministrative": "68000000",
            "researchAndDevelopment": "None",
            "operatingExpenses": "139000000",
            "investmentIncomeNet": "None",
            "netInterestIncome": "-59000000",
            "interestIncome": "59000000",
            "interestExpense": "59000000",
            "nonInterestIncome": "1069000000",
            "otherNonOperatingIncome": "-19000000",
            "depreciation": "None",
            "depreciationAndAmortization": "532000000",
            "incomeBeforeTax": "26000000",
            "incomeTaxExpense": "10000000",
            "interestAndDebtExpense": "19000000",
            "netIncomeFromContinuingOperations": "16000000",
            "comprehensiveIncomeNetOfTax": "-19000000",
            "ebit": "105000000",
            "ebitda": "499000000",
            "netIncome": "16000000"
        },
        {
            "fiscalDateEnding": "2021-03-31",
            "reportedCurrency": "USD",
            "grossProfit": "970000000",
            "totalRevenue": "1071000000",
            "costOfRevenue": "101000000",
            "costofGoodsAndServicesSold": "769000000",
            "operatingIncome": "117000000",
            "sellingGeneralAndAdministrative": "89000000",
            "researchAndDevelopment": "None",
            "operatingExpenses": "124000000",
            "investmentIncomeNet": "None",
            "netInterestIncome": "-13000000",
            "interestIncome": "13000000",
            "interestExpense": "13000000",
            "nonInterestIncome": "1024000000",
            "otherNonOperatingIncome": "None",
            "depreciation": "None",
            "depreciationAndAmortization": "496000000",
            "incomeBeforeTax": "107000000",
            "incomeTaxExpense": "10000000",
            "interestAndDebtExpense": "0",
            "netIncomeFromContinuingOperations": "97000000",
            "comprehensiveIncomeNetOfTax": "136000000",
            "ebit": "117000000",
            "ebitda": "590000000",
            "netIncome": "97000000"
        },
        {
            "fiscalDateEnding": "2020-12-31",
            "reportedCurrency": "USD",
            "grossProfit": "822000000",
            "totalRevenue": "830000000",
            "costOfRevenue": "585000000",
            "costofGoodsAndServicesSold": "822000000",
            "operatingIncome": "-250000000",
            "sellingGeneralAndAdministrative": "57000000",
            "researchAndDevelopment": "None",
            "operatingExpenses": "683000000",
            "investmentIncomeNet": "None",
            "netInterestIncome": "-79000000",
            "interestIncome": "61000000",
            "interestExpense": "79000000",
            "nonInterestIncome": "822000000",
            "otherNonOperatingIncome": "-28000000",
            "depreciation": "None",
            "depreciationAndAmortization": "521000000",
            "incomeBeforeTax": "-341000000",
            "incomeTaxExpense": "-3000000",
            "interestAndDebtExpense": "307000000",
            "netIncomeFromContinuingOperations": "-341000000",
            "comprehensiveIncomeNetOfTax": "-341000000",
            "ebit": "-250000000",
            "ebitda": "101000000",
            "netIncome": "-338000000"
        },
        {
            "fiscalDateEnding": "2020-09-30",
            "reportedCurrency": "USD",
            "grossProfit": "694000000",
            "totalRevenue": "754000000",
            "costOfRevenue": "60000000",
            "costofGoodsAndServicesSold": "866000000",
            "operatingIncome": "-242000000",
            "sellingGeneralAndAdministrative": "53000000",
            "researchAndDevelopment": "None",
            "operatingExpenses": "86000000",
            "investmentIncomeNet": "None",
            "netInterestIncome": "-62000000",
            "interestIncome": "62000000",
            "interestExpense": "62000000",
            "nonInterestIncome": "760000000",
            "otherNonOperatingIncome": "None",
            "depreciation": "None",
            "depreciationAndAmortization": "554000000",
            "incomeBeforeTax": "-310000000",
            "incomeTaxExpense": "7000000",
            "interestAndDebtExpense": "0",
            "netIncomeFromContinuingOperations": "-317000000",
            "comprehensiveIncomeNetOfTax": "-297000000",
            "ebit": "-242000000",
            "ebitda": "182000000",
            "netIncome": "-317000000"
        },
        {
            "fiscalDateEnding": "2020-06-30",
            "reportedCurrency": "USD",
            "grossProfit": "191000000",
            "totalRevenue": "272000000",
            "costOfRevenue": "81000000",
            "costofGoodsAndServicesSold": "831000000",
            "operatingIncome": "-703000000",
            "sellingGeneralAndAdministrative": "88000000",
            "researchAndDevelopment": "None",
            "operatingExpenses": "109000000",
            "investmentIncomeNet": "None",
            "netInterestIncome": "-69000000",
            "interestIncome": "69000000",
            "interestExpense": "69000000",
            "nonInterestIncome": "420000000",
            "otherNonOperatingIncome": "None",
            "depreciation": "None",
            "depreciationAndAmortization": "597000000",
            "incomeBeforeTax": "-765000000",
            "incomeTaxExpense": "-15000000",
            "interestAndDebtExpense": "0",
            "netIncomeFromContinuingOperations": "-750000000",
            "comprehensiveIncomeNetOfTax": "-796000000",
            "ebit": "-703000000",
            "ebitda": "-237000000",
            "netIncome": "-750000000"
        },
        {
            "fiscalDateEnding": "2020-03-31",
            "reportedCurrency": "USD",
            "grossProfit": "937000000",
            "totalRevenue": "1230000000",
            "costOfRevenue": "293000000",
            "costofGoodsAndServicesSold": "948000000",
            "operatingIncome": "15000000",
            "sellingGeneralAndAdministrative": "76000000",
            "researchAndDevelopment": "None",
            "operatingExpenses": "320000000",
            "investmentIncomeNet": "None",
            "netInterestIncome": "-64000000",
            "interestIncome": "64000000",
            "interestExpense": "64000000",
            "nonInterestIncome": "1428000000",
            "otherNonOperatingIncome": "None",
            "depreciation": "None",
            "depreciationAndAmortization": "644000000",
            "incomeBeforeTax": "-49000000",
            "incomeTaxExpense": "-3000000",
            "interestAndDebtExpense": "0",
            "netIncomeFromContinuingOperations": "-46000000",
            "comprehensiveIncomeNetOfTax": "-68000000",
            "ebit": "15000000",
            "ebitda": "531000000",
            "netIncome": "-46000000"
        },
        {
            "fiscalDateEnding": "2019-12-31",
            "reportedCurrency": "USD",
            "grossProfit": "1178000000",
            "totalRevenue": "1215000000",
            "costOfRevenue": "130000000",
            "costofGoodsAndServicesSold": "928000000",
            "operatingIncome": "73000000",
            "sellingGeneralAndAdministrative": "93000000",
            "researchAndDevelopment": "None",
            "operatingExpenses": "178000000",
            "investmentIncomeNet": "None",
            "netInterestIncome": "-78000000",
            "interestIncome": "67000000",
            "interestExpense": "78000000",
            "nonInterestIncome": "1178000000",
            "otherNonOperatingIncome": "-3000000",
            "depreciation": "None",
            "depreciationAndAmortization": "616000000",
            "incomeBeforeTax": "-3000000",
            "incomeTaxExpense": "17000000",
            "interestAndDebtExpense": "None",
            "netIncomeFromContinuingOperations": "-20000000",
            "comprehensiveIncomeNetOfTax": "-3000000",
            "ebit": "73000000",
            "ebitda": "535000000",
            "netIncome": "-20000000"
        },
        {
            "fiscalDateEnding": "2019-09-30",
            "reportedCurrency": "USD",
            "grossProfit": "1265000000",
            "totalRevenue": "1345000000",
            "costOfRevenue": "80000000",
            "costofGoodsAndServicesSold": "923000000",
            "operatingIncome": "237000000",
            "sellingGeneralAndAdministrative": "82000000",
            "researchAndDevelopment": "None",
            "operatingExpenses": "80000000",
            "investmentIncomeNet": "None",
            "netInterestIncome": "-64000000",
            "interestIncome": "64000000",
            "interestExpense": "64000000",
            "nonInterestIncome": "1296000000",
            "otherNonOperatingIncome": "None",
            "depreciation": "None",
            "depreciationAndAmortization": "622000000",
            "incomeBeforeTax": "175000000",
            "incomeTaxExpense": "10000000",
            "interestAndDebtExpense": "None",
            "netIncomeFromContinuingOperations": "165000000",
            "comprehensiveIncomeNetOfTax": "227000000",
            "ebit": "237000000",
            "ebitda": "733000000",
            "netIncome": "165000000"
        },
        {
            "fiscalDateEnding": "2019-06-30",
            "reportedCurrency": "USD",
            "grossProfit": "1330000000",
            "totalRevenue": "1433000000",
            "costOfRevenue": "103000000",
            "costofGoodsAndServicesSold": "968000000",
            "operatingIncome": "255000000",
            "sellingGeneralAndAdministrative": "87000000",
            "researchAndDevelopment": "None",
            "operatingExpenses": "137000000",
            "investmentIncomeNet": "None",
            "netInterestIncome": "-64000000",
            "interestIncome": "64000000",
            "interestExpense": "64000000",
            "nonInterestIncome": "1397000000",
            "otherNonOperatingIncome": "None",
            "depreciation": "None",
            "depreciationAndAmortization": "605000000",
            "incomeBeforeTax": "193000000",
            "incomeTaxExpense": "32000000",
            "interestAndDebtExpense": "None",
            "netIncomeFromContinuingOperations": "161000000",
            "comprehensiveIncomeNetOfTax": "152000000",
            "ebit": "255000000",
            "ebitda": "734000000",
            "netIncome": "161000000"
        },
        {
            "fiscalDateEnding": "2019-03-31",
            "reportedCurrency": "USD",
            "grossProfit": "853000000",
            "totalRevenue": "1197000000",
            "costOfRevenue": "344000000",
            "costofGoodsAndServicesSold": "187000000",
            "operatingIncome": "71000000",
            "sellingGeneralAndAdministrative": "94000000",
            "researchAndDevelopment": "None",
            "operatingExpenses": "174000000",
            "investmentIncomeNet": "None",
            "netInterestIncome": "-49000000",
            "interestIncome": "49000000",
            "interestExpense": "49000000",
            "nonInterestIncome": "1018000000",
            "otherNonOperatingIncome": "None",
            "depreciation": "None",
            "depreciationAndAmortization": "554000000",
            "incomeBeforeTax": "27000000",
            "incomeTaxExpense": "-147000000",
            "interestAndDebtExpense": "None",
            "netIncomeFromContinuingOperations": "174000000",
            "comprehensiveIncomeNetOfTax": "170000000",
            "ebit": "71000000",
            "ebitda": "532000000",
            "netIncome": "174000000"
        },
        {
            "fiscalDateEnding": "2018-12-31",
            "reportedCurrency": "USD",
            "grossProfit": "679000000",
            "totalRevenue": "1765000000",
            "costOfRevenue": "1086000000",
            "costofGoodsAndServicesSold": "985000000",
            "operatingIncome": "467000000",
            "sellingGeneralAndAdministrative": "88000000",
            "researchAndDevelopment": "None",
            "operatingExpenses": "364000000",
            "investmentIncomeNet": "None",
            "netInterestIncome": "None",
            "interestIncome": "None",
            "interestExpense": "80000000",
            "nonInterestIncome": "2009000000",
            "otherNonOperatingIncome": "None",
            "depreciation": "None",
            "depreciationAndAmortization": "613000000",
            "incomeBeforeTax": "406000000",
            "incomeTaxExpense": "16000000",
            "interestAndDebtExpense": "280000000",
            "netIncomeFromContinuingOperations": "390000000",
            "comprehensiveIncomeNetOfTax": "474000000",
            "ebit": "467000000",
            "ebitda": "939000000",
            "netIncome": "390000000"
        },
        {
            "fiscalDateEnding": "2018-09-30",
            "reportedCurrency": "USD",
            "grossProfit": "1550000000",
            "totalRevenue": "1667000000",
            "costOfRevenue": "117000000",
            "costofGoodsAndServicesSold": "993000000",
            "operatingIncome": "423000000",
            "sellingGeneralAndAdministrative": "101000000",
            "researchAndDevelopment": "None",
            "operatingExpenses": "157000000",
            "investmentIncomeNet": "None",
            "netInterestIncome": "None",
            "interestIncome": "None",
            "interestExpense": "58000000",
            "nonInterestIncome": "1468000000",
            "otherNonOperatingIncome": "None",
            "depreciation": "None",
            "depreciationAndAmortization": "626000000",
            "incomeBeforeTax": "357000000",
            "incomeTaxExpense": "103000000",
            "interestAndDebtExpense": "0",
            "netIncomeFromContinuingOperations": "254000000",
            "comprehensiveIncomeNetOfTax": "274000000",
            "ebit": "423000000",
            "ebitda": "925000000",
            "netIncome": "254000000"
        },
        {
            "fiscalDateEnding": "2018-06-30",
            "reportedCurrency": "USD",
            "grossProfit": "1073000000",
            "totalRevenue": "1417000000",
            "costOfRevenue": "344000000",
            "costofGoodsAndServicesSold": "205000000",
            "operatingIncome": "205000000",
            "sellingGeneralAndAdministrative": "105000000",
            "researchAndDevelopment": "None",
            "operatingExpenses": "280000000",
            "investmentIncomeNet": "None",
            "netInterestIncome": "None",
            "interestIncome": "None",
            "interestExpense": "65000000",
            "nonInterestIncome": "-102000000",
            "otherNonOperatingIncome": "None",
            "depreciation": "None",
            "depreciationAndAmortization": "612000000",
            "incomeBeforeTax": "140000000",
            "incomeTaxExpense": "44000000",
            "interestAndDebtExpense": "None",
            "netIncomeFromContinuingOperations": "96000000",
            "comprehensiveIncomeNetOfTax": "113000000",
            "ebit": "205000000",
            "ebitda": "687000000",
            "netIncome": "96000000"
        },
        {
            "fiscalDateEnding": "2018-03-31",
            "reportedCurrency": "USD",
            "grossProfit": "1363000000",
            "totalRevenue": "1733000000",
            "costOfRevenue": "370000000",
            "costofGoodsAndServicesSold": "217000000",
            "operatingIncome": "572000000",
            "sellingGeneralAndAdministrative": "100000000",
            "researchAndDevelopment": "None",
            "operatingExpenses": "78000000",
            "investmentIncomeNet": "None",
            "netInterestIncome": "None",
            "interestIncome": "None",
            "interestExpense": "45000000",
            "nonInterestIncome": "53000000",
            "otherNonOperatingIncome": "None",
            "depreciation": "None",
            "depreciationAndAmortization": "590000000",
            "incomeBeforeTax": "524000000",
            "incomeTaxExpense": "168000000",
            "interestAndDebtExpense": "None",
            "netIncomeFromContinuingOperations": "356000000",
            "comprehensiveIncomeNetOfTax": "360000000",
            "ebit": "572000000",
            "ebitda": "1069000000",
            "netIncome": "356000000"
        }
    ]
}