{
    "symbol": "ROST",
    "annualReports": [
        {
            "fiscalDateEnding": "2023-01-28",
            "reportedCurrency": "USD",
            "grossProfit": "1987489000",
            "totalRevenue": "18692987000",
            "costOfRevenue": "16705498000",
            "costofGoodsAndServicesSold": "13946230000",
            "operatingIncome": "-771779000",
            "sellingGeneralAndAdministrative": "2759268000",
            "researchAndDevelopment": "None",
            "operatingExpenses": "2759268000",
            "investmentIncomeNet": "None",
            "netInterestIncome": "-2842000",
            "interestIncome": "77684000",
            "interestExpense": "80526000",
            "nonInterestIncome": "18695829000",
            "otherNonOperatingIncome": "None",
            "depreciation": "None",
            "depreciationAndAmortization": "394655000",
            "incomeBeforeTax": "1987489000",
            "incomeTaxExpense": "475448000",
            "interestAndDebtExpense": "80526000",
            "netIncomeFromContinuingOperations": "1512041000",
            "comprehensiveIncomeNetOfTax": "1512041000",
            "ebit": "2068015000",
            "ebitda": "2384986000",
            "netIncome": "1512041000"
        },
        {
            "fiscalDateEnding": "2022-01-29",
            "reportedCurrency": "USD",
            "grossProfit": "2258540000",
            "totalRevenue": "18841916000",
            "costOfRevenue": "16583376000",
            "costofGoodsAndServicesSold": "13708907000",
            "operatingIncome": "-615929000",
            "sellingGeneralAndAdministrative": "2874469000",
            "researchAndDevelopment": "None",
            "operatingExpenses": "2874469000",
            "investmentIncomeNet": "None",
            "netInterestIncome": "-74328000",
            "interestIncome": "809000",
            "interestExpense": "75137000",
            "nonInterestIncome": "18916244000",
            "otherNonOperatingIncome": "None",
            "depreciation": "None",
            "depreciationAndAmortization": "360664000",
            "incomeBeforeTax": "2258540000",
            "incomeTaxExpense": "535951000",
            "interestAndDebtExpense": "75137000",
            "netIncomeFromContinuingOperations": "1722589000",
            "comprehensiveIncomeNetOfTax": "1722589000",
            "ebit": "2333677000",
            "ebitda": "2694365000",
            "netIncome": "1722589000"
        },
        {
            "fiscalDateEnding": "2021-01-30",
            "reportedCurrency": "USD",
            "grossProfit": "-133656000",
            "totalRevenue": "12208199000",
            "costOfRevenue": "12341855000",
            "costofGoodsAndServicesSold": "9838574000",
            "operatingIncome": "-2636937000",
            "sellingGeneralAndAdministrative": "2503281000",
            "researchAndDevelopment": "None",
            "operatingExpenses": "2503281000",
            "investmentIncomeNet": "None",
            "netInterestIncome": "-83413000",
            "interestIncome": "4602000",
            "interestExpense": "88015000",
            "nonInterestIncome": "12291612000",
            "otherNonOperatingIncome": "None",
            "depreciation": "None",
            "depreciationAndAmortization": "364245000",
            "incomeBeforeTax": "106297000",
            "incomeTaxExpense": "20915000",
            "interestAndDebtExpense": "327968000",
            "netIncomeFromContinuingOperations": "85382000",
            "comprehensiveIncomeNetOfTax": "85382000",
            "ebit": "194312000",
            "ebitda": "558606000",
            "netIncome": "85382000"
        },
        {
            "fiscalDateEnding": "2020-02-01",
            "reportedCurrency": "USD",
            "grossProfit": "2164288000",
            "totalRevenue": "16057179000",
            "costOfRevenue": "13892891000",
            "costofGoodsAndServicesSold": "11536187000",
            "operatingIncome": "-192416000",
            "sellingGeneralAndAdministrative": "2356704000",
            "researchAndDevelopment": "None",
            "operatingExpenses": "2356704000",
            "investmentIncomeNet": "None",
            "netInterestIncome": "18106000",
            "interestIncome": "27813000",
            "interestExpense": "9707000",
            "nonInterestIncome": "16039073000",
            "otherNonOperatingIncome": "None",
            "depreciation": "None",
            "depreciationAndAmortization": "350892000",
            "incomeBeforeTax": "2164288000",
            "incomeTaxExpense": "503360000",
            "interestAndDebtExpense": "9707000",
            "netIncomeFromContinuingOperations": "1660928000",
            "comprehensiveIncomeNetOfTax": "1660928000",
            "ebit": "2173995000",
            "ebitda": "2524920000",
            "netIncome": "1660928000"
        },
        {
            "fiscalDateEnding": "2019-02-02",
            "reportedCurrency": "USD",
            "grossProfit": "2050876000",
            "totalRevenue": "14993703000",
            "costOfRevenue": "12942827000",
            "costofGoodsAndServicesSold": "10726277000",
            "operatingIncome": "-165674000",
            "sellingGeneralAndAdministrative": "2216550000",
            "researchAndDevelopment": "None",
            "operatingExpenses": "2216550000",
            "investmentIncomeNet": "None",
            "netInterestIncome": "10162000",
            "interestIncome": "26566000",
            "interestExpense": "16404000",
            "nonInterestIncome": "14983541000",
            "otherNonOperatingIncome": "None",
            "depreciation": "None",
            "depreciationAndAmortization": "330357000",
            "incomeBeforeTax": "2050876000",
            "incomeTaxExpense": "463419000",
            "interestAndDebtExpense": "16404000",
            "netIncomeFromContinuingOperations": "1587457000",
            "comprehensiveIncomeNetOfTax": "1587430000",
            "ebit": "2067280000",
            "ebitda": "2397640000",
            "netIncome": "1587457000"
        }
    ],
    "quarterlyReports": [
        {
            "fiscalDateEnding": "2023-01-28",
            "reportedCurrency": "USD",
            "grossProfit": "581405000",
            "totalRevenue": "5236950000",
            "costOfRevenue": "4655545000",
            "costofGoodsAndServicesSold": "3926203000",
            "operatingIncome": "-147937000",
            "sellingGeneralAndAdministrative": "729342000",
            "researchAndDevelopment": "None",
            "operatingExpenses": "729342000",
            "investmentIncomeNet": "None",
            "netInterestIncome": "22719000",
            "interestIncome": "43063000",
            "interestExpense": "20344000",
            "nonInterestIncome": "5214231000",
            "otherNonOperatingIncome": "None",
            "depreciation": "None",
            "depreciationAndAmortization": "104090000",
            "incomeBeforeTax": "581405000",
            "incomeTaxExpense": "134362000",
            "interestAndDebtExpense": "20344000",
            "netIncomeFromContinuingOperations": "447043000",
            "comprehensiveIncomeNetOfTax": "447043000",
            "ebit": "601749000",
            "ebitda": "708214000",
            "netIncome": "447043000"
        },
        {
            "fiscalDateEnding": "2022-10-29",
            "reportedCurrency": "USD",
            "grossProfit": "450878000",
            "totalRevenue": "4568291000",
            "costOfRevenue": "4117413000",
            "costofGoodsAndServicesSold": "3424046000",
            "operatingIncome": "-242489000",
            "sellingGeneralAndAdministrative": "693367000",
            "researchAndDevelopment": "None",
            "operatingExpenses": "693367000",
            "investmentIncomeNet": "None",
            "netInterestIncome": "2802000",
            "interestIncome": "23737000",
            "interestExpense": "20935000",
            "nonInterestIncome": "4565489000",
            "otherNonOperatingIncome": "None",
            "depreciation": "None",
            "depreciationAndAmortization": "101384000",
            "incomeBeforeTax": "450878000",
            "incomeTaxExpense": "108842000",
            "interestAndDebtExpense": "20935000",
            "netIncomeFromContinuingOperations": "342036000",
            "comprehensiveIncomeNetOfTax": "342036000",
            "ebit": "471813000",
            "ebitda": "573197000",
            "netIncome": "342036000"
        },
        {
            "fiscalDateEnding": "2022-07-30",
            "reportedCurrency": "USD",
            "grossProfit": "505744000",
            "totalRevenue": "4572342000",
            "costOfRevenue": "4066598000",
            "costofGoodsAndServicesSold": "3399535000",
            "operatingIncome": "-161319000",
            "sellingGeneralAndAdministrative": "667063000",
            "researchAndDevelopment": "None",
            "operatingExpenses": "667063000",
            "investmentIncomeNet": "None",
            "netInterestIncome": "-10667000",
            "interestIncome": "9689000",
            "interestExpense": "20356000",
            "nonInterestIncome": "4583009000",
            "otherNonOperatingIncome": "None",
            "depreciation": "None",
            "depreciationAndAmortization": "97073000",
            "incomeBeforeTax": "505744000",
            "incomeTaxExpense": "121227000",
            "interestAndDebtExpense": "20356000",
            "netIncomeFromContinuingOperations": "384517000",
            "comprehensiveIncomeNetOfTax": "384517000",
            "ebit": "526100000",
            "ebitda": "623173000",
            "netIncome": "384517000"
        },
        {
            "fiscalDateEnding": "2022-04-30",
            "reportedCurrency": "USD",
            "grossProfit": "449462000",
            "totalRevenue": "4315404000",
            "costOfRevenue": "3865942000",
            "costofGoodsAndServicesSold": "3196446000",
            "operatingIncome": "-220034000",
            "sellingGeneralAndAdministrative": "669496000",
            "researchAndDevelopment": "None",
            "operatingExpenses": "669496000",
            "investmentIncomeNet": "None",
            "netInterestIncome": "-17696000",
            "interestIncome": "1195000",
            "interestExpense": "18891000",
            "nonInterestIncome": "4333100000",
            "otherNonOperatingIncome": "None",
            "depreciation": "None",
            "depreciationAndAmortization": "92108000",
            "incomeBeforeTax": "449462000",
            "incomeTaxExpense": "111017000",
            "interestAndDebtExpense": "18891000",
            "netIncomeFromContinuingOperations": "338445000",
            "comprehensiveIncomeNetOfTax": "338445000",
            "ebit": "468353000",
            "ebitda": "560461000",
            "netIncome": "338445000"
        },
        {
            "fiscalDateEnding": "2022-01-29",
            "reportedCurrency": "USD",
            "grossProfit": "473318000",
            "totalRevenue": "5002821000",
            "costOfRevenue": "4529503000",
            "costofGoodsAndServicesSold": "3773636000",
            "operatingIncome": "-282549000",
            "sellingGeneralAndAdministrative": "755867000",
            "researchAndDevelopment": "None",
            "operatingExpenses": "755867000",
            "investmentIncomeNet": "None",
            "netInterestIncome": "-17828000",
            "interestIncome": "182000",
            "interestExpense": "18010000",
            "nonInterestIncome": "5020649000",
            "otherNonOperatingIncome": "None",
            "depreciation": "None",
            "depreciationAndAmortization": "98525000",
            "incomeBeforeTax": "473318000",
            "incomeTaxExpense": "106496000",
            "interestAndDebtExpense": "18010000",
            "netIncomeFromContinuingOperations": "366822000",
            "comprehensiveIncomeNetOfTax": "366822000",
            "ebit": "491328000",
            "ebitda": "589877000",
            "netIncome": "366822000"
        },
        {
            "fiscalDateEnding": "2021-10-30",
            "reportedCurrency": "USD",
            "grossProfit": "504032000",
            "totalRevenue": "4555797000",
            "costOfRevenue": "4051765000",
            "costofGoodsAndServicesSold": "3326004000",
            "operatingIncome": "-221729000",
            "sellingGeneralAndAdministrative": "725761000",
            "researchAndDevelopment": "None",
            "operatingExpenses": "725761000",
            "investmentIncomeNet": "None",
            "netInterestIncome": "-18744000",
            "interestIncome": "192000",
            "interestExpense": "18936000",
            "nonInterestIncome": "4574541000",
            "otherNonOperatingIncome": "None",
            "depreciation": "None",
            "depreciationAndAmortization": "88045000",
            "incomeBeforeTax": "504032000",
            "incomeTaxExpense": "119002000",
            "interestAndDebtExpense": "18936000",
            "netIncomeFromContinuingOperations": "385030000",
            "comprehensiveIncomeNetOfTax": "385030000",
            "ebit": "522968000",
            "ebitda": "611013000",
            "netIncome": "385030000"
        },
        {
            "fiscalDateEnding": "2021-07-31",
            "reportedCurrency": "USD",
            "grossProfit": "657608000",
            "totalRevenue": "4786267000",
            "costOfRevenue": "4128659000",
            "costofGoodsAndServicesSold": "3410871000",
            "operatingIncome": "-60180000",
            "sellingGeneralAndAdministrative": "717788000",
            "researchAndDevelopment": "None",
            "operatingExpenses": "717788000",
            "investmentIncomeNet": "None",
            "netInterestIncome": "-18707000",
            "interestIncome": "199000",
            "interestExpense": "18906000",
            "nonInterestIncome": "4804974000",
            "otherNonOperatingIncome": "None",
            "depreciation": "None",
            "depreciationAndAmortization": "86584000",
            "incomeBeforeTax": "657608000",
            "incomeTaxExpense": "163350000",
            "interestAndDebtExpense": "18906000",
            "netIncomeFromContinuingOperations": "494258000",
            "comprehensiveIncomeNetOfTax": "494258000",
            "ebit": "676514000",
            "ebitda": "763098000",
            "netIncome": "494258000"
        },
        {
            "fiscalDateEnding": "2021-05-01",
            "reportedCurrency": "USD",
            "grossProfit": "623582000",
            "totalRevenue": "4497031000",
            "costOfRevenue": "3873449000",
            "costofGoodsAndServicesSold": "3198396000",
            "operatingIncome": "-51471000",
            "sellingGeneralAndAdministrative": "675053000",
            "researchAndDevelopment": "None",
            "operatingExpenses": "675053000",
            "investmentIncomeNet": "None",
            "netInterestIncome": "-19049000",
            "interestIncome": "236000",
            "interestExpense": "19285000",
            "nonInterestIncome": "4516080000",
            "otherNonOperatingIncome": "None",
            "depreciation": "None",
            "depreciationAndAmortization": "87510000",
            "incomeBeforeTax": "623582000",
            "incomeTaxExpense": "147103000",
            "interestAndDebtExpense": "19285000",
            "netIncomeFromContinuingOperations": "476479000",
            "comprehensiveIncomeNetOfTax": "476479000",
            "ebit": "642867000",
            "ebitda": "730377000",
            "netIncome": "476479000"
        },
        {
            "fiscalDateEnding": "2021-01-30",
            "reportedCurrency": "USD",
            "grossProfit": "382851000",
            "totalRevenue": "4230519000",
            "costOfRevenue": "3847668000",
            "costofGoodsAndServicesSold": "3157044000",
            "operatingIncome": "-307773000",
            "sellingGeneralAndAdministrative": "690624000",
            "researchAndDevelopment": "None",
            "operatingExpenses": "690624000",
            "investmentIncomeNet": "None",
            "netInterestIncome": "-19152000",
            "interestIncome": "179000",
            "interestExpense": "19331000",
            "nonInterestIncome": "4249671000",
            "otherNonOperatingIncome": "None",
            "depreciation": "None",
            "depreciationAndAmortization": "96052000",
            "incomeBeforeTax": "382851000",
            "incomeTaxExpense": "144871000",
            "interestAndDebtExpense": "19515000",
            "netIncomeFromContinuingOperations": "237980000",
            "comprehensiveIncomeNetOfTax": "237980000",
            "ebit": "402182000",
            "ebitda": "498283000",
            "netIncome": "237980000"
        },
        {
            "fiscalDateEnding": "2020-10-31",
            "reportedCurrency": "USD",
            "grossProfit": "136493000",
            "totalRevenue": "3725769000",
            "costOfRevenue": "3589276000",
            "costofGoodsAndServicesSold": "2711419000",
            "operatingIncome": "-741364000",
            "sellingGeneralAndAdministrative": "877857000",
            "researchAndDevelopment": "None",
            "operatingExpenses": "877857000",
            "investmentIncomeNet": "None",
            "netInterestIncome": "-28740000",
            "interestIncome": "330000",
            "interestExpense": "29070000",
            "nonInterestIncome": "3754509000",
            "otherNonOperatingIncome": "None",
            "depreciation": "None",
            "depreciationAndAmortization": "88567000",
            "incomeBeforeTax": "136493000",
            "incomeTaxExpense": "5296000",
            "interestAndDebtExpense": "29070000",
            "netIncomeFromContinuingOperations": "131197000",
            "comprehensiveIncomeNetOfTax": "131197000",
            "ebit": "165563000",
            "ebitda": "254130000",
            "netIncome": "131197000"
        },
        {
            "fiscalDateEnding": "2020-08-01",
            "reportedCurrency": "USD",
            "grossProfit": "56242000",
            "totalRevenue": "2655857000",
            "costOfRevenue": "2599615000",
            "costofGoodsAndServicesSold": "2080120000",
            "operatingIncome": "-463253000",
            "sellingGeneralAndAdministrative": "519495000",
            "researchAndDevelopment": "None",
            "operatingExpenses": "519495000",
            "investmentIncomeNet": "None",
            "netInterestIncome": "-28855000",
            "interestIncome": "757000",
            "interestExpense": "29612000",
            "nonInterestIncome": "2684712000",
            "otherNonOperatingIncome": "None",
            "depreciation": "None",
            "depreciationAndAmortization": "89028000",
            "incomeBeforeTax": "56242000",
            "incomeTaxExpense": "34195000",
            "interestAndDebtExpense": "29612000",
            "netIncomeFromContinuingOperations": "22047000",
            "comprehensiveIncomeNetOfTax": "22047000",
            "ebit": "85854000",
            "ebitda": "174882000",
            "netIncome": "22047000"
        },
        {
            "fiscalDateEnding": "2020-05-02",
            "reportedCurrency": "USD",
            "grossProfit": "-469289000",
            "totalRevenue": "1836007000",
            "costOfRevenue": "2305296000",
            "costofGoodsAndServicesSold": "1889991000",
            "operatingIncome": "-884594000",
            "sellingGeneralAndAdministrative": "415305000",
            "researchAndDevelopment": "None",
            "operatingExpenses": "415305000",
            "investmentIncomeNet": "None",
            "netInterestIncome": "-6666000",
            "interestIncome": "3336000",
            "interestExpense": "10002000",
            "nonInterestIncome": "1842673000",
            "otherNonOperatingIncome": "None",
            "depreciation": "None",
            "depreciationAndAmortization": "90598000",
            "incomeBeforeTax": "-469289000",
            "incomeTaxExpense": "-163447000",
            "interestAndDebtExpense": "10002000",
            "netIncomeFromContinuingOperations": "-305842000",
            "comprehensiveIncomeNetOfTax": "-305842000",
            "ebit": "-459287000",
            "ebitda": "-368689000",
            "netIncome": "-305842000"
        },
        {
            "fiscalDateEnding": "2020-02-01",
            "reportedCurrency": "USD",
            "grossProfit": "590616000",
            "totalRevenue": "4416732000",
            "costOfRevenue": "3826116000",
            "costofGoodsAndServicesSold": "3224237000",
            "operatingIncome": "-11263000",
            "sellingGeneralAndAdministrative": "601879000",
            "researchAndDevelopment": "None",
            "operatingExpenses": "601879000",
            "investmentIncomeNet": "None",
            "netInterestIncome": "3287000",
            "interestIncome": "5457000",
            "interestExpense": "2170000",
            "nonInterestIncome": "4413445000",
            "otherNonOperatingIncome": "None",
            "depreciation": "None",
            "depreciationAndAmortization": "95803000",
            "incomeBeforeTax": "590616000",
            "incomeTaxExpense": "134483000",
            "interestAndDebtExpense": "2170000",
            "netIncomeFromContinuingOperations": "456133000",
            "comprehensiveIncomeNetOfTax": "456133000",
            "ebit": "592786000",
            "ebitda": "688622000",
            "netIncome": "456133000"
        },
        {
            "fiscalDateEnding": "2019-11-02",
            "reportedCurrency": "USD",
            "grossProfit": "482482000",
            "totalRevenue": "3853519000",
            "costOfRevenue": "3371037000",
            "costofGoodsAndServicesSold": "2766432000",
            "operatingIncome": "-122123000",
            "sellingGeneralAndAdministrative": "604605000",
            "researchAndDevelopment": "None",
            "operatingExpenses": "604605000",
            "investmentIncomeNet": "None",
            "netInterestIncome": "4402000",
            "interestIncome": "6716000",
            "interestExpense": "2314000",
            "nonInterestIncome": "3849117000",
            "otherNonOperatingIncome": "None",
            "depreciation": "None",
            "depreciationAndAmortization": "88191000",
            "incomeBeforeTax": "482482000",
            "incomeTaxExpense": "111550000",
            "interestAndDebtExpense": "2314000",
            "netIncomeFromContinuingOperations": "370932000",
            "comprehensiveIncomeNetOfTax": "370932000",
            "ebit": "484796000",
            "ebitda": "572987000",
            "netIncome": "370932000"
        },
        {
            "fiscalDateEnding": "2019-08-03",
            "reportedCurrency": "USD",
            "grossProfit": "548831000",
            "totalRevenue": "3984651000",
            "costOfRevenue": "3435820000",
            "costofGoodsAndServicesSold": "2843850000",
            "operatingIncome": "-43139000",
            "sellingGeneralAndAdministrative": "591970000",
            "researchAndDevelopment": "None",
            "operatingExpenses": "591970000",
            "investmentIncomeNet": "None",
            "netInterestIncome": "4782000",
            "interestIncome": "7174000",
            "interestExpense": "2392000",
            "nonInterestIncome": "3979869000",
            "otherNonOperatingIncome": "None",
            "depreciation": "None",
            "depreciationAndAmortization": "84141000",
            "incomeBeforeTax": "548831000",
            "incomeTaxExpense": "136110000",
            "interestAndDebtExpense": "2392000",
            "netIncomeFromContinuingOperations": "412721000",
            "comprehensiveIncomeNetOfTax": "412721000",
            "ebit": "551223000",
            "ebitda": "635364000",
            "netIncome": "412721000"
        },
        {
            "fiscalDateEnding": "2019-05-04",
            "reportedCurrency": "USD",
            "grossProfit": "542359000",
            "totalRevenue": "3802277000",
            "costOfRevenue": "3259918000",
            "costofGoodsAndServicesSold": "2701668000",
            "operatingIncome": "-15891000",
            "sellingGeneralAndAdministrative": "558250000",
            "researchAndDevelopment": "None",
            "operatingExpenses": "558250000",
            "investmentIncomeNet": "None",
            "netInterestIncome": "5635000",
            "interestIncome": "8466000",
            "interestExpense": "2831000",
            "nonInterestIncome": "3796642000",
            "otherNonOperatingIncome": "None",
            "depreciation": "None",
            "depreciationAndAmortization": "82757000",
            "incomeBeforeTax": "542359000",
            "incomeTaxExpense": "121217000",
            "interestAndDebtExpense": "2831000",
            "netIncomeFromContinuingOperations": "421142000",
            "comprehensiveIncomeNetOfTax": "421142000",
            "ebit": "545190000",
            "ebitda": "627947000",
            "netIncome": "421142000"
        },
        {
            "fiscalDateEnding": "2019-02-02",
            "reportedCurrency": "USD",
            "grossProfit": "546988000",
            "totalRevenue": "4112701000",
            "costOfRevenue": "3565713000",
            "costofGoodsAndServicesSold": "2989744000",
            "operatingIncome": "-28981000",
            "sellingGeneralAndAdministrative": "575969000",
            "researchAndDevelopment": "None",
            "operatingExpenses": "575969000",
            "investmentIncomeNet": "None",
            "netInterestIncome": "5313000",
            "interestIncome": "8844000",
            "interestExpense": "3531000",
            "nonInterestIncome": "4107388000",
            "otherNonOperatingIncome": "None",
            "depreciation": "None",
            "depreciationAndAmortization": "84206000",
            "incomeBeforeTax": "546988000",
            "incomeTaxExpense": "105295000",
            "interestAndDebtExpense": "3531000",
            "netIncomeFromContinuingOperations": "441693000",
            "comprehensiveIncomeNetOfTax": "441693000",
            "ebit": "550519000",
            "ebitda": "634728000",
            "netIncome": "441693000"
        },
        {
            "fiscalDateEnding": "2018-11-03",
            "reportedCurrency": "USD",
            "grossProfit": "443653000",
            "totalRevenue": "3552561000",
            "costOfRevenue": "3108908000",
            "costofGoodsAndServicesSold": "2547331000",
            "operatingIncome": "-117924000",
            "sellingGeneralAndAdministrative": "561577000",
            "researchAndDevelopment": "None",
            "operatingExpenses": "561577000",
            "investmentIncomeNet": "None",
            "netInterestIncome": "2953000",
            "interestIncome": "7132000",
            "interestExpense": "4179000",
            "nonInterestIncome": "3549608000",
            "otherNonOperatingIncome": "None",
            "depreciation": "None",
            "depreciationAndAmortization": "83748000",
            "incomeBeforeTax": "443653000",
            "incomeTaxExpense": "105545000",
            "interestAndDebtExpense": "4179000",
            "netIncomeFromContinuingOperations": "338108000",
            "comprehensiveIncomeNetOfTax": "338104000",
            "ebit": "447832000",
            "ebitda": "531580000",
            "netIncome": "338108000"
        },
        {
            "fiscalDateEnding": "2018-08-04",
            "reportedCurrency": "USD",
            "grossProfit": "517755000",
            "totalRevenue": "3739319000",
            "costOfRevenue": "3221564000",
            "costofGoodsAndServicesSold": "2666983000",
            "operatingIncome": "-36826000",
            "sellingGeneralAndAdministrative": "554581000",
            "researchAndDevelopment": "None",
            "operatingExpenses": "554581000",
            "investmentIncomeNet": "None",
            "netInterestIncome": "1393000",
            "interestIncome": "5638000",
            "interestExpense": "4245000",
            "nonInterestIncome": "3737926000",
            "otherNonOperatingIncome": "None",
            "depreciation": "None",
            "depreciationAndAmortization": "82606000",
            "incomeBeforeTax": "517755000",
            "incomeTaxExpense": "128351000",
            "interestAndDebtExpense": "4245000",
            "netIncomeFromContinuingOperations": "389404000",
            "comprehensiveIncomeNetOfTax": "389401000",
            "ebit": "522000000",
            "ebitda": "604606000",
            "netIncome": "389404000"
        },
        {
            "fiscalDateEnding": "2018-05-05",
            "reportedCurrency": "USD",
            "grossProfit": "542480000",
            "totalRevenue": "3589122000",
            "costOfRevenue": "3046642000",
            "costofGoodsAndServicesSold": "2522219000",
            "operatingIncome": "18057000",
            "sellingGeneralAndAdministrative": "524423000",
            "researchAndDevelopment": "None",
            "operatingExpenses": "524423000",
            "investmentIncomeNet": "None",
            "netInterestIncome": "503000",
            "interestIncome": "4952000",
            "interestExpense": "4449000",
            "nonInterestIncome": "3588619000",
            "otherNonOperatingIncome": "None",
            "depreciation": "None",
            "depreciationAndAmortization": "79797000",
            "incomeBeforeTax": "542480000",
            "incomeTaxExpense": "124228000",
            "interestAndDebtExpense": "4449000",
            "netIncomeFromContinuingOperations": "418252000",
            "comprehensiveIncomeNetOfTax": "418232000",
            "ebit": "546929000",
            "ebitda": "626726000",
            "netIncome": "418252000"
        }
    ]
}