{
    "symbol": "TROW",
    "annualReports": [
        {
            "fiscalDateEnding": "2022-12-31",
            "reportedCurrency": "USD",
            "grossProfit": "3266300000",
            "totalRevenue": "6488400000",
            "costOfRevenue": "3222100000",
            "costofGoodsAndServicesSold": "2904400000",
            "operatingIncome": "2373700000",
            "sellingGeneralAndAdministrative": "559500000",
            "researchAndDevelopment": "None",
            "operatingExpenses": "4114700000",
            "investmentIncomeNet": "None",
            "netInterestIncome": "None",
            "interestIncome": "408200000",
            "interestExpense": "317200000",
            "nonInterestIncome": "6488400000",
            "otherNonOperatingIncome": "-17300000",
            "depreciation": "None",
            "depreciationAndAmortization": "283500000",
            "incomeBeforeTax": "2056500000",
            "incomeTaxExpense": "498600000",
            "interestAndDebtExpense": "None",
            "netIncomeFromContinuingOperations": "1449600000",
            "comprehensiveIncomeNetOfTax": "1531200000",
            "ebit": "2373700000",
            "ebitda": "2657200000",
            "netIncome": "1557900000"
        },
        {
            "fiscalDateEnding": "2021-12-31",
            "reportedCurrency": "USD",
            "grossProfit": "4772600000",
            "totalRevenue": "7671900000",
            "costOfRevenue": "2899300000",
            "costofGoodsAndServicesSold": "2993200000",
            "operatingIncome": "3710000000",
            "sellingGeneralAndAdministrative": "516300000",
            "researchAndDevelopment": "None",
            "operatingExpenses": "3961900000",
            "investmentIncomeNet": "None",
            "netInterestIncome": "None",
            "interestIncome": "288100000",
            "interestExpense": "269000000",
            "nonInterestIncome": "7671900000",
            "otherNonOperatingIncome": "-5900000",
            "depreciation": "None",
            "depreciationAndAmortization": "473800000",
            "incomeBeforeTax": "3979000000",
            "incomeTaxExpense": "896100000",
            "interestAndDebtExpense": "None",
            "netIncomeFromContinuingOperations": "3098500000",
            "comprehensiveIncomeNetOfTax": "3079400000",
            "ebit": "3710000000",
            "ebitda": "4183800000",
            "netIncome": "3082900000"
        },
        {
            "fiscalDateEnding": "2020-12-31",
            "reportedCurrency": "USD",
            "grossProfit": "3592400000",
            "totalRevenue": "6206700000",
            "costOfRevenue": "2614300000",
            "costofGoodsAndServicesSold": "2616400000",
            "operatingIncome": "2745700000",
            "sellingGeneralAndAdministrative": "431900000",
            "researchAndDevelopment": "None",
            "operatingExpenses": "3461000000",
            "investmentIncomeNet": "None",
            "netInterestIncome": "None",
            "interestIncome": "497800000",
            "interestExpense": "1034000000",
            "nonInterestIncome": "6206700000",
            "otherNonOperatingIncome": "-2000000",
            "depreciation": "None",
            "depreciationAndAmortization": "189600000",
            "incomeBeforeTax": "3091600000",
            "incomeTaxExpense": "718900000",
            "interestAndDebtExpense": "None",
            "netIncomeFromContinuingOperations": "2523300000",
            "comprehensiveIncomeNetOfTax": "2392700000",
            "ebit": "2745700000",
            "ebitda": "2247200000",
            "netIncome": "2372700000"
        },
        {
            "fiscalDateEnding": "2019-12-31",
            "reportedCurrency": "USD",
            "grossProfit": "3201000000",
            "totalRevenue": "5617900000",
            "costOfRevenue": "2416900000",
            "costofGoodsAndServicesSold": "2384900000",
            "operatingIncome": "2387000000",
            "sellingGeneralAndAdministrative": "447700000",
            "researchAndDevelopment": "None",
            "operatingExpenses": "3230900000",
            "investmentIncomeNet": "None",
            "netInterestIncome": "None",
            "interestIncome": "533200000",
            "interestExpense": "1146800000",
            "nonInterestIncome": "5617900000",
            "otherNonOperatingIncome": "7000000",
            "depreciation": "None",
            "depreciationAndAmortization": "190800000",
            "incomeBeforeTax": "2809700000",
            "incomeTaxExpense": "678400000",
            "interestAndDebtExpense": "None",
            "netIncomeFromContinuingOperations": "2248900000",
            "comprehensiveIncomeNetOfTax": "2130300000",
            "ebit": "2387000000",
            "ebitda": "1853700000",
            "netIncome": "2131300000"
        },
        {
            "fiscalDateEnding": "2018-12-31",
            "reportedCurrency": "USD",
            "grossProfit": "2968800000",
            "totalRevenue": "5372600000",
            "costOfRevenue": "2403800000",
            "costofGoodsAndServicesSold": "2246900000",
            "operatingIncome": "2361400000",
            "sellingGeneralAndAdministrative": "435700000",
            "researchAndDevelopment": "None",
            "operatingExpenses": "3011200000",
            "investmentIncomeNet": "None",
            "netInterestIncome": "None",
            "interestIncome": "26300000",
            "interestExpense": "None",
            "nonInterestIncome": "5372600000",
            "otherNonOperatingIncome": "-3100000",
            "depreciation": "159500000",
            "depreciationAndAmortization": "159500000",
            "incomeBeforeTax": "2453400000",
            "incomeTaxExpense": "615900000",
            "interestAndDebtExpense": "None",
            "netIncomeFromContinuingOperations": "1768700000",
            "comprehensiveIncomeNetOfTax": "1809300000",
            "ebit": "2361400000",
            "ebitda": "2520900000",
            "netIncome": "1837500000"
        }
    ],
    "quarterlyReports": [
        {
            "fiscalDateEnding": "2022-12-31",
            "reportedCurrency": "USD",
            "grossProfit": "270100000",
            "totalRevenue": "1524200000",
            "costOfRevenue": "1254100000",
            "costofGoodsAndServicesSold": "807500000",
            "operatingIncome": "253100000",
            "sellingGeneralAndAdministrative": "224600000",
            "researchAndDevelopment": "None",
            "operatingExpenses": "1271100000",
            "investmentIncomeNet": "None",
            "netInterestIncome": "None",
            "interestIncome": "140800000",
            "interestExpense": "8300000",
            "nonInterestIncome": "1524200000",
            "otherNonOperatingIncome": "-5100000",
            "depreciation": "None",
            "depreciationAndAmortization": "488100000",
            "incomeBeforeTax": "365200000",
            "incomeTaxExpense": "99200000",
            "interestAndDebtExpense": "None",
            "netIncomeFromContinuingOperations": "289600000",
            "comprehensiveIncomeNetOfTax": "269300000",
            "ebit": "253100000",
            "ebitda": "845000000",
            "netIncome": "266000000"
        },
        {
            "fiscalDateEnding": "2022-09-30",
            "reportedCurrency": "USD",
            "grossProfit": "863700000",
            "totalRevenue": "1588200000",
            "costOfRevenue": "724500000",
            "costofGoodsAndServicesSold": "733600000",
            "operatingIncome": "574600000",
            "sellingGeneralAndAdministrative": "136400000",
            "researchAndDevelopment": "None",
            "operatingExpenses": "1013600000",
            "investmentIncomeNet": "None",
            "netInterestIncome": "None",
            "interestIncome": "83200000",
            "interestExpense": "56200000",
            "nonInterestIncome": "1588200000",
            "otherNonOperatingIncome": "400000",
            "depreciation": "None",
            "depreciationAndAmortization": "600000",
            "incomeBeforeTax": "518400000",
            "incomeTaxExpense": "134000000",
            "interestAndDebtExpense": "None",
            "netIncomeFromContinuingOperations": "357800000",
            "comprehensiveIncomeNetOfTax": "375300000",
            "ebit": "574600000",
            "ebitda": "575200000",
            "netIncome": "384400000"
        },
        {
            "fiscalDateEnding": "2022-06-30",
            "reportedCurrency": "USD",
            "grossProfit": "954900000",
            "totalRevenue": "1513000000",
            "costOfRevenue": "558100000",
            "costofGoodsAndServicesSold": "615400000",
            "operatingIncome": "668600000",
            "sellingGeneralAndAdministrative": "94700000",
            "researchAndDevelopment": "None",
            "operatingExpenses": "844400000",
            "investmentIncomeNet": "None",
            "netInterestIncome": "None",
            "interestIncome": "279700000",
            "interestExpense": "228100000",
            "nonInterestIncome": "1513000000",
            "otherNonOperatingIncome": "-5400000",
            "depreciation": "None",
            "depreciationAndAmortization": "-173400000",
            "incomeBeforeTax": "440500000",
            "incomeTaxExpense": "100900000",
            "interestAndDebtExpense": "None",
            "netIncomeFromContinuingOperations": "287800000",
            "comprehensiveIncomeNetOfTax": "323700000",
            "ebit": "668600000",
            "ebitda": "495200000",
            "netIncome": "339600000"
        },
        {
            "fiscalDateEnding": "2022-03-31",
            "reportedCurrency": "USD",
            "grossProfit": "1177600000",
            "totalRevenue": "1863000000",
            "costOfRevenue": "685400000",
            "costofGoodsAndServicesSold": "747900000",
            "operatingIncome": "877400000",
            "sellingGeneralAndAdministrative": "103800000",
            "researchAndDevelopment": "None",
            "operatingExpenses": "985600000",
            "investmentIncomeNet": "None",
            "netInterestIncome": "None",
            "interestIncome": "192900000",
            "interestExpense": "145000000",
            "nonInterestIncome": "1863000000",
            "otherNonOperatingIncome": "-7200000",
            "depreciation": "None",
            "depreciationAndAmortization": "-90500000",
            "incomeBeforeTax": "732400000",
            "incomeTaxExpense": "164500000",
            "interestAndDebtExpense": "None",
            "netIncomeFromContinuingOperations": "514400000",
            "comprehensiveIncomeNetOfTax": "562900000",
            "ebit": "877400000",
            "ebitda": "786900000",
            "netIncome": "567900000"
        },
        {
            "fiscalDateEnding": "2021-12-31",
            "reportedCurrency": "USD",
            "grossProfit": "1287600000",
            "totalRevenue": "1961700000",
            "costOfRevenue": "674100000",
            "costofGoodsAndServicesSold": "812400000",
            "operatingIncome": "862500000",
            "sellingGeneralAndAdministrative": "194100000",
            "researchAndDevelopment": "None",
            "operatingExpenses": "1099200000",
            "investmentIncomeNet": "None",
            "netInterestIncome": "None",
            "interestIncome": "50000000",
            "interestExpense": "7000000",
            "nonInterestIncome": "1961700000",
            "otherNonOperatingIncome": "300000",
            "depreciation": "None",
            "depreciationAndAmortization": "53700000",
            "incomeBeforeTax": "919600000",
            "incomeTaxExpense": "179000000",
            "interestAndDebtExpense": "None",
            "netIncomeFromContinuingOperations": "733600000",
            "comprehensiveIncomeNetOfTax": "743500000",
            "ebit": "862500000",
            "ebitda": "973300000",
            "netIncome": "740600000"
        },
        {
            "fiscalDateEnding": "2021-09-30",
            "reportedCurrency": "USD",
            "grossProfit": "1285600000",
            "totalRevenue": "1954100000",
            "costOfRevenue": "668500000",
            "costofGoodsAndServicesSold": "730900000",
            "operatingIncome": "996200000",
            "sellingGeneralAndAdministrative": "103900000",
            "researchAndDevelopment": "None",
            "operatingExpenses": "957900000",
            "investmentIncomeNet": "None",
            "netInterestIncome": "None",
            "interestIncome": "None",
            "interestExpense": "None",
            "nonInterestIncome": "1954100000",
            "otherNonOperatingIncome": "-3100000",
            "depreciation": "51700000",
            "depreciationAndAmortization": "51700000",
            "incomeBeforeTax": "1004500000",
            "incomeTaxExpense": "227300000",
            "interestAndDebtExpense": "None",
            "netIncomeFromContinuingOperations": "757400000",
            "comprehensiveIncomeNetOfTax": "776500000",
            "ebit": "996200000",
            "ebitda": "1047900000",
            "netIncome": "777200000"
        },
        {
            "fiscalDateEnding": "2021-06-30",
            "reportedCurrency": "USD",
            "grossProfit": "1213400000",
            "totalRevenue": "1929300000",
            "costOfRevenue": "715900000",
            "costofGoodsAndServicesSold": "739800000",
            "operatingIncome": "958100000",
            "sellingGeneralAndAdministrative": "112100000",
            "researchAndDevelopment": "None",
            "operatingExpenses": "971200000",
            "investmentIncomeNet": "None",
            "netInterestIncome": "None",
            "interestIncome": "None",
            "interestExpense": "None",
            "nonInterestIncome": "1929300000",
            "otherNonOperatingIncome": "700000",
            "depreciation": "50400000",
            "depreciationAndAmortization": "50400000",
            "incomeBeforeTax": "1075000000",
            "incomeTaxExpense": "259300000",
            "interestAndDebtExpense": "None",
            "netIncomeFromContinuingOperations": "842700000",
            "comprehensiveIncomeNetOfTax": "817500000",
            "ebit": "958100000",
            "ebitda": "1008500000",
            "netIncome": "815700000"
        },
        {
            "fiscalDateEnding": "2021-03-31",
            "reportedCurrency": "USD",
            "grossProfit": "1088100000",
            "totalRevenue": "1826800000",
            "costOfRevenue": "738700000",
            "costofGoodsAndServicesSold": "710100000",
            "operatingIncome": "893200000",
            "sellingGeneralAndAdministrative": "106200000",
            "researchAndDevelopment": "None",
            "operatingExpenses": "933600000",
            "investmentIncomeNet": "None",
            "netInterestIncome": "None",
            "interestIncome": "None",
            "interestExpense": "None",
            "nonInterestIncome": "1826800000",
            "otherNonOperatingIncome": "-3700000",
            "depreciation": "49000000",
            "depreciationAndAmortization": "49000000",
            "incomeBeforeTax": "979900000",
            "incomeTaxExpense": "230500000",
            "interestAndDebtExpense": "None",
            "netIncomeFromContinuingOperations": "764800000",
            "comprehensiveIncomeNetOfTax": "741900000",
            "ebit": "893200000",
            "ebitda": "942200000",
            "netIncome": "749400000"
        },
        {
            "fiscalDateEnding": "2020-12-31",
            "reportedCurrency": "USD",
            "grossProfit": "1732900000",
            "totalRevenue": "1732900000",
            "costOfRevenue": "637800000",
            "costofGoodsAndServicesSold": "755200000",
            "operatingIncome": "755900000",
            "sellingGeneralAndAdministrative": "141400000",
            "researchAndDevelopment": "None",
            "operatingExpenses": "977000000",
            "investmentIncomeNet": "None",
            "netInterestIncome": "None",
            "interestIncome": "None",
            "interestExpense": "None",
            "nonInterestIncome": "1732900000",
            "otherNonOperatingIncome": "5500000",
            "depreciation": "None",
            "depreciationAndAmortization": "45600000",
            "incomeBeforeTax": "999800000",
            "incomeTaxExpense": "216400000",
            "interestAndDebtExpense": "None",
            "netIncomeFromContinuingOperations": "1732900000",
            "comprehensiveIncomeNetOfTax": "803100000",
            "ebit": "755900000",
            "ebitda": "1045400000",
            "netIncome": "783400000"
        },
        {
            "fiscalDateEnding": "2020-09-30",
            "reportedCurrency": "USD",
            "grossProfit": "954800000",
            "totalRevenue": "1595800000",
            "costOfRevenue": "641000000",
            "costofGoodsAndServicesSold": "662600000",
            "operatingIncome": "728900000",
            "sellingGeneralAndAdministrative": "88700000",
            "researchAndDevelopment": "None",
            "operatingExpenses": "866900000",
            "investmentIncomeNet": "None",
            "netInterestIncome": "None",
            "interestIncome": "None",
            "interestExpense": "None",
            "nonInterestIncome": "1595800000",
            "otherNonOperatingIncome": "5800000",
            "depreciation": "49700000",
            "depreciationAndAmortization": "49700000",
            "incomeBeforeTax": "865100000",
            "incomeTaxExpense": "221900000",
            "interestAndDebtExpense": "None",
            "netIncomeFromContinuingOperations": "698600000",
            "comprehensiveIncomeNetOfTax": "652700000",
            "ebit": "728900000",
            "ebitda": "778600000",
            "netIncome": "643200000"
        },
        {
            "fiscalDateEnding": "2020-06-30",
            "reportedCurrency": "USD",
            "grossProfit": "766600000",
            "totalRevenue": "1415400000",
            "costOfRevenue": "648800000",
            "costofGoodsAndServicesSold": "650600000",
            "operatingIncome": "553700000",
            "sellingGeneralAndAdministrative": "99800000",
            "researchAndDevelopment": "None",
            "operatingExpenses": "861700000",
            "investmentIncomeNet": "None",
            "netInterestIncome": "None",
            "interestIncome": "None",
            "interestExpense": "None",
            "nonInterestIncome": "1415400000",
            "otherNonOperatingIncome": "2000000",
            "depreciation": "48200000",
            "depreciationAndAmortization": "48200000",
            "incomeBeforeTax": "843300000",
            "incomeTaxExpense": "240300000",
            "interestAndDebtExpense": "None",
            "netIncomeFromContinuingOperations": "728500000",
            "comprehensiveIncomeNetOfTax": "599900000",
            "ebit": "553700000",
            "ebitda": "601900000",
            "netIncome": "603000000"
        },
        {
            "fiscalDateEnding": "2020-03-31",
            "reportedCurrency": "USD",
            "grossProfit": "873800000",
            "totalRevenue": "1462600000",
            "costOfRevenue": "588800000",
            "costofGoodsAndServicesSold": "548000000",
            "operatingIncome": "707200000",
            "sellingGeneralAndAdministrative": "102000000",
            "researchAndDevelopment": "None",
            "operatingExpenses": "755400000",
            "investmentIncomeNet": "None",
            "netInterestIncome": "None",
            "interestIncome": "485000000",
            "interestExpense": "None",
            "nonInterestIncome": "1462600000",
            "otherNonOperatingIncome": "-15400000",
            "depreciation": "46100000",
            "depreciationAndAmortization": "46100000",
            "incomeBeforeTax": "383400000",
            "incomeTaxExpense": "40300000",
            "interestAndDebtExpense": "None",
            "netIncomeFromContinuingOperations": "166600000",
            "comprehensiveIncomeNetOfTax": "337000000",
            "ebit": "707200000",
            "ebitda": "753300000",
            "netIncome": "343100000"
        },
        {
            "fiscalDateEnding": "2019-12-31",
            "reportedCurrency": "USD",
            "grossProfit": "1468700000",
            "totalRevenue": "1468700000",
            "costOfRevenue": "540200000",
            "costofGoodsAndServicesSold": "633000000",
            "operatingIncome": "580300000",
            "sellingGeneralAndAdministrative": "143700000",
            "researchAndDevelopment": "None",
            "operatingExpenses": "888400000",
            "investmentIncomeNet": "None",
            "netInterestIncome": "None",
            "interestIncome": "163000000",
            "interestExpense": "None",
            "nonInterestIncome": "1468700000",
            "otherNonOperatingIncome": "7000000",
            "depreciation": "None",
            "depreciationAndAmortization": "59100000",
            "incomeBeforeTax": "701700000",
            "incomeTaxExpense": "156400000",
            "interestAndDebtExpense": "None",
            "netIncomeFromContinuingOperations": "1468700000",
            "comprehensiveIncomeNetOfTax": "551000000",
            "ebit": "580300000",
            "ebitda": "760800000",
            "netIncome": "545300000"
        },
        {
            "fiscalDateEnding": "2019-09-30",
            "reportedCurrency": "USD",
            "grossProfit": "861000000",
            "totalRevenue": "1426700000",
            "costOfRevenue": "565700000",
            "costofGoodsAndServicesSold": "568800000",
            "operatingIncome": "659100000",
            "sellingGeneralAndAdministrative": "99400000",
            "researchAndDevelopment": "None",
            "operatingExpenses": "767600000",
            "investmentIncomeNet": "None",
            "netInterestIncome": "None",
            "interestIncome": "43800000",
            "interestExpense": "None",
            "nonInterestIncome": "1426700000",
            "otherNonOperatingIncome": "-700000",
            "depreciation": "45700000",
            "depreciationAndAmortization": "45700000",
            "incomeBeforeTax": "702900000",
            "incomeTaxExpense": "157000000",
            "interestAndDebtExpense": "None",
            "netIncomeFromContinuingOperations": "545100000",
            "comprehensiveIncomeNetOfTax": "535700000",
            "ebit": "659100000",
            "ebitda": "704800000",
            "netIncome": "545900000"
        },
        {
            "fiscalDateEnding": "2019-06-30",
            "reportedCurrency": "USD",
            "grossProfit": "809300000",
            "totalRevenue": "1395200000",
            "costOfRevenue": "585900000",
            "costofGoodsAndServicesSold": "581000000",
            "operatingIncome": "615100000",
            "sellingGeneralAndAdministrative": "102700000",
            "researchAndDevelopment": "None",
            "operatingExpenses": "780100000",
            "investmentIncomeNet": "None",
            "netInterestIncome": "None",
            "interestIncome": "124500000",
            "interestExpense": "None",
            "nonInterestIncome": "1395200000",
            "otherNonOperatingIncome": "-100000",
            "depreciation": "44100000",
            "depreciationAndAmortization": "44100000",
            "incomeBeforeTax": "711200000",
            "incomeTaxExpense": "183700000",
            "interestAndDebtExpense": "None",
            "netIncomeFromContinuingOperations": "555900000",
            "comprehensiveIncomeNetOfTax": "530600000",
            "ebit": "615100000",
            "ebitda": "659200000",
            "netIncome": "527500000"
        },
        {
            "fiscalDateEnding": "2019-03-31",
            "reportedCurrency": "USD",
            "grossProfit": "699300000",
            "totalRevenue": "1327300000",
            "costOfRevenue": "628000000",
            "costofGoodsAndServicesSold": "602100000",
            "operatingIncome": "532500000",
            "sellingGeneralAndAdministrative": "94600000",
            "researchAndDevelopment": "None",
            "operatingExpenses": "794800000",
            "investmentIncomeNet": "None",
            "netInterestIncome": "None",
            "interestIncome": "201900000",
            "interestExpense": "None",
            "nonInterestIncome": "1327300000",
            "otherNonOperatingIncome": "800000",
            "depreciation": "41900000",
            "depreciationAndAmortization": "41900000",
            "incomeBeforeTax": "693900000",
            "incomeTaxExpense": "181300000",
            "interestAndDebtExpense": "None",
            "netIncomeFromContinuingOperations": "554000000",
            "comprehensiveIncomeNetOfTax": "513000000",
            "ebit": "532500000",
            "ebitda": "574400000",
            "netIncome": "512600000"
        },
        {
            "fiscalDateEnding": "2018-12-31",
            "reportedCurrency": "USD",
            "grossProfit": "1305000000",
            "totalRevenue": "1305000000",
            "costOfRevenue": "654600000",
            "costofGoodsAndServicesSold": "564800000",
            "operatingIncome": "542300000",
            "sellingGeneralAndAdministrative": "153100000",
            "researchAndDevelopment": "None",
            "operatingExpenses": "762700000",
            "investmentIncomeNet": "None",
            "netInterestIncome": "None",
            "interestIncome": "None",
            "interestExpense": "57300000",
            "nonInterestIncome": "1305000000",
            "otherNonOperatingIncome": "-1700000",
            "depreciation": "44600000",
            "depreciationAndAmortization": "44600000",
            "incomeBeforeTax": "470300000",
            "incomeTaxExpense": "118400000",
            "interestAndDebtExpense": "None",
            "netIncomeFromContinuingOperations": "1305000000",
            "comprehensiveIncomeNetOfTax": "340900000",
            "ebit": "542300000",
            "ebitda": "586900000",
            "netIncome": "351900000"
        },
        {
            "fiscalDateEnding": "2018-09-30",
            "reportedCurrency": "USD",
            "grossProfit": "846400000",
            "totalRevenue": "1394600000",
            "costOfRevenue": "548200000",
            "costofGoodsAndServicesSold": "563600000",
            "operatingIncome": "640600000",
            "sellingGeneralAndAdministrative": "93900000",
            "researchAndDevelopment": "None",
            "operatingExpenses": "754000000",
            "investmentIncomeNet": "None",
            "netInterestIncome": "None",
            "interestIncome": "None",
            "interestExpense": "57300000",
            "nonInterestIncome": "1394600000",
            "otherNonOperatingIncome": "100000",
            "depreciation": "40200000",
            "depreciationAndAmortization": "40200000",
            "incomeBeforeTax": "766900000",
            "incomeTaxExpense": "183900000",
            "interestAndDebtExpense": "None",
            "netIncomeFromContinuingOperations": "581600000",
            "comprehensiveIncomeNetOfTax": "575700000",
            "ebit": "640600000",
            "ebitda": "680800000",
            "netIncome": "583000000"
        },
        {
            "fiscalDateEnding": "2018-06-30",
            "reportedCurrency": "USD",
            "grossProfit": "796600000",
            "totalRevenue": "1345000000",
            "costOfRevenue": "548400000",
            "costofGoodsAndServicesSold": "564700000",
            "operatingIncome": "594700000",
            "sellingGeneralAndAdministrative": "92400000",
            "researchAndDevelopment": "None",
            "operatingExpenses": "750300000",
            "investmentIncomeNet": "None",
            "netInterestIncome": "None",
            "interestIncome": "None",
            "interestExpense": "57300000",
            "nonInterestIncome": "1345000000",
            "otherNonOperatingIncome": "-2400000",
            "depreciation": "37800000",
            "depreciationAndAmortization": "37800000",
            "incomeBeforeTax": "618100000",
            "incomeTaxExpense": "169200000",
            "interestAndDebtExpense": "None",
            "netIncomeFromContinuingOperations": "459600000",
            "comprehensiveIncomeNetOfTax": "431600000",
            "ebit": "594700000",
            "ebitda": "632500000",
            "netIncome": "448900000"
        },
        {
            "fiscalDateEnding": "2018-03-31",
            "reportedCurrency": "USD",
            "grossProfit": "753400000",
            "totalRevenue": "1328000000",
            "costOfRevenue": "574600000",
            "costofGoodsAndServicesSold": "553800000",
            "operatingIncome": "583800000",
            "sellingGeneralAndAdministrative": "537700000",
            "researchAndDevelopment": "None",
            "operatingExpenses": "744200000",
            "investmentIncomeNet": "None",
            "netInterestIncome": "None",
            "interestIncome": "None",
            "interestExpense": "57300000",
            "nonInterestIncome": "1328000000",
            "otherNonOperatingIncome": "900000",
            "depreciation": "36900000",
            "depreciationAndAmortization": "36900000",
            "incomeBeforeTax": "598100000",
            "incomeTaxExpense": "144400000",
            "interestAndDebtExpense": "None",
            "netIncomeFromContinuingOperations": "455500000",
            "comprehensiveIncomeNetOfTax": "461100000",
            "ebit": "583800000",
            "ebitda": "620700000",
            "netIncome": "453700000"
        }
    ]
}