{
    "symbol": "VMC",
    "annualReports": [
        {
            "fiscalDateEnding": "2022-12-31",
            "reportedCurrency": "USD",
            "grossProfit": "1557700000",
            "totalRevenue": "7315200000",
            "costOfRevenue": "5757500000",
            "costofGoodsAndServicesSold": "5757500000",
            "operatingIncome": "951400000",
            "sellingGeneralAndAdministrative": "515100000",
            "researchAndDevelopment": "None",
            "operatingExpenses": "750500000",
            "investmentIncomeNet": "None",
            "netInterestIncome": "-169200000",
            "interestIncome": "168400000",
            "interestExpense": "169200000",
            "nonInterestIncome": "None",
            "otherNonOperatingIncome": "5100000",
            "depreciation": "409100000",
            "depreciationAndAmortization": "114100000",
            "incomeBeforeTax": "768600000",
            "incomeTaxExpense": "193000000",
            "interestAndDebtExpense": "169200000",
            "netIncomeFromContinuingOperations": "595100000",
            "comprehensiveIncomeNetOfTax": "573600000",
            "ebit": "937800000",
            "ebitda": "1051900000",
            "netIncome": "575600000"
        },
        {
            "fiscalDateEnding": "2021-12-31",
            "reportedCurrency": "USD",
            "grossProfit": "1373400000",
            "totalRevenue": "5552200000",
            "costOfRevenue": "4178800000",
            "costofGoodsAndServicesSold": "4178800000",
            "operatingIncome": "1010800000",
            "sellingGeneralAndAdministrative": "417600000",
            "researchAndDevelopment": "None",
            "operatingExpenses": "452300000",
            "investmentIncomeNet": "None",
            "netInterestIncome": "-149300000",
            "interestIncome": "147700000",
            "interestExpense": "149300000",
            "nonInterestIncome": "None",
            "otherNonOperatingIncome": "10700000",
            "depreciation": "343400000",
            "depreciationAndAmortization": "75300000",
            "incomeBeforeTax": "870900000",
            "incomeTaxExpense": "200100000",
            "interestAndDebtExpense": "149300000",
            "netIncomeFromContinuingOperations": "673700000",
            "comprehensiveIncomeNetOfTax": "699400000",
            "ebit": "1020200000",
            "ebitda": "1095500000",
            "netIncome": "670800000"
        },
        {
            "fiscalDateEnding": "2020-12-31",
            "reportedCurrency": "USD",
            "grossProfit": "1281500000",
            "totalRevenue": "4856800000",
            "costOfRevenue": "3575300000",
            "costofGoodsAndServicesSold": "3575300000",
            "operatingIncome": "895700000",
            "sellingGeneralAndAdministrative": "359800000",
            "researchAndDevelopment": "None",
            "operatingExpenses": "447500000",
            "investmentIncomeNet": "None",
            "netInterestIncome": "-135960000",
            "interestIncome": "40000",
            "interestExpense": "136000000",
            "nonInterestIncome": "0",
            "otherNonOperatingIncome": "-17500000",
            "depreciation": "315200000",
            "depreciationAndAmortization": "48227000",
            "incomeBeforeTax": "740300000",
            "incomeTaxExpense": "155800000",
            "interestAndDebtExpense": "135960000",
            "netIncomeFromContinuingOperations": "587995000",
            "comprehensiveIncomeNetOfTax": "600900000",
            "ebit": "876300000",
            "ebitda": "924527000",
            "netIncome": "584500000"
        },
        {
            "fiscalDateEnding": "2019-12-31",
            "reportedCurrency": "USD",
            "grossProfit": "1255900000",
            "totalRevenue": "4929100000",
            "costOfRevenue": "3673200000",
            "costofGoodsAndServicesSold": "3673200000",
            "operatingIncome": "877500000",
            "sellingGeneralAndAdministrative": "370500000",
            "researchAndDevelopment": "None",
            "operatingExpenses": "431402000",
            "investmentIncomeNet": "None",
            "netInterestIncome": "-130155000",
            "interestIncome": "45000",
            "interestExpense": "130200000",
            "nonInterestIncome": "0",
            "otherNonOperatingIncome": "9200000",
            "depreciation": "300600000",
            "depreciationAndAmortization": "40541000",
            "incomeBeforeTax": "752900000",
            "incomeTaxExpense": "135200000",
            "interestAndDebtExpense": "130155000",
            "netIncomeFromContinuingOperations": "622503000",
            "comprehensiveIncomeNetOfTax": "592200000",
            "ebit": "883100000",
            "ebitda": "923641000",
            "netIncome": "617700000"
        },
        {
            "fiscalDateEnding": "2018-12-31",
            "reportedCurrency": "USD",
            "grossProfit": "1100945000",
            "totalRevenue": "4382869000",
            "costOfRevenue": "3281924000",
            "costofGoodsAndServicesSold": "3281924000",
            "operatingIncome": "747713000",
            "sellingGeneralAndAdministrative": "333371000",
            "researchAndDevelopment": "None",
            "operatingExpenses": "399655000",
            "investmentIncomeNet": "None",
            "netInterestIncome": "-137977000",
            "interestIncome": "554000",
            "interestExpense": "137977000",
            "nonInterestIncome": "-6922000",
            "otherNonOperatingIncome": "13000000",
            "depreciation": "276814000",
            "depreciationAndAmortization": "35396000",
            "incomeBeforeTax": "621254000",
            "incomeTaxExpense": "105449000",
            "interestAndDebtExpense": "144899000",
            "netIncomeFromContinuingOperations": "517841000",
            "comprehensiveIncomeNetOfTax": "522685000",
            "ebit": "759231000",
            "ebitda": "794627000",
            "netIncome": "515805000"
        }
    ],
    "quarterlyReports": [
        {
            "fiscalDateEnding": "2022-12-31",
            "reportedCurrency": "USD",
            "grossProfit": "349900000",
            "totalRevenue": "1731900000",
            "costOfRevenue": "1382000000",
            "costofGoodsAndServicesSold": "1382000000",
            "operatingIncome": "191500000",
            "sellingGeneralAndAdministrative": "126400000",
            "researchAndDevelopment": "None",
            "operatingExpenses": "279000000",
            "investmentIncomeNet": "None",
            "netInterestIncome": "-168300000",
            "interestIncome": "47600000",
            "interestExpense": "168300000",
            "nonInterestIncome": "None",
            "otherNonOperatingIncome": "6800000",
            "depreciation": "None",
            "depreciationAndAmortization": "101200000",
            "incomeBeforeTax": "147800000",
            "incomeTaxExpense": "28400000",
            "interestAndDebtExpense": "168300000",
            "netIncomeFromContinuingOperations": "122300000",
            "comprehensiveIncomeNetOfTax": "114100000",
            "ebit": "191500000",
            "ebitda": "417300000",
            "netIncome": "119400000"
        },
        {
            "fiscalDateEnding": "2022-09-30",
            "reportedCurrency": "USD",
            "grossProfit": "492900000",
            "totalRevenue": "2088300000",
            "costOfRevenue": "1595400000",
            "costofGoodsAndServicesSold": "1595400000",
            "operatingIncome": "305400000",
            "sellingGeneralAndAdministrative": "135300000",
            "researchAndDevelopment": "None",
            "operatingExpenses": "195300000",
            "investmentIncomeNet": "None",
            "netInterestIncome": "-200000",
            "interestIncome": "46100000",
            "interestExpense": "200000",
            "nonInterestIncome": "None",
            "otherNonOperatingIncome": "1300000",
            "depreciation": "None",
            "depreciationAndAmortization": "4200000",
            "incomeBeforeTax": "259400000",
            "incomeTaxExpense": "82300000",
            "interestAndDebtExpense": "200000",
            "netIncomeFromContinuingOperations": "178300000",
            "comprehensiveIncomeNetOfTax": "178200000",
            "ebit": "305400000",
            "ebitda": "263800000",
            "netIncome": "177100000"
        },
        {
            "fiscalDateEnding": "2022-06-30",
            "reportedCurrency": "USD",
            "grossProfit": "446200000",
            "totalRevenue": "1954300000",
            "costOfRevenue": "1508100000",
            "costofGoodsAndServicesSold": "1508100000",
            "operatingIncome": "307600000",
            "sellingGeneralAndAdministrative": "134400000",
            "researchAndDevelopment": "None",
            "operatingExpenses": "146500000",
            "investmentIncomeNet": "None",
            "netInterestIncome": "-400000",
            "interestIncome": "38700000",
            "interestExpense": "400000",
            "nonInterestIncome": "None",
            "otherNonOperatingIncome": "-4700000",
            "depreciation": "None",
            "depreciationAndAmortization": "4300000",
            "incomeBeforeTax": "251000000",
            "incomeTaxExpense": "63700000",
            "interestAndDebtExpense": "400000",
            "netIncomeFromContinuingOperations": "200500000",
            "comprehensiveIncomeNetOfTax": "188400000",
            "ebit": "307600000",
            "ebitda": "255700000",
            "netIncome": "187300000"
        },
        {
            "fiscalDateEnding": "2022-03-31",
            "reportedCurrency": "USD",
            "grossProfit": "268800000",
            "totalRevenue": "1540700000",
            "costOfRevenue": "1271900000",
            "costofGoodsAndServicesSold": "1271900000",
            "operatingIncome": "147000000",
            "sellingGeneralAndAdministrative": "119000000",
            "researchAndDevelopment": "None",
            "operatingExpenses": "129700000",
            "investmentIncomeNet": "None",
            "netInterestIncome": "-300000",
            "interestIncome": "35900000",
            "interestExpense": "300000",
            "nonInterestIncome": "None",
            "otherNonOperatingIncome": "1500000",
            "depreciation": "None",
            "depreciationAndAmortization": "4400000",
            "incomeBeforeTax": "110500000",
            "incomeTaxExpense": "18700000",
            "interestAndDebtExpense": "300000",
            "netIncomeFromContinuingOperations": "93900000",
            "comprehensiveIncomeNetOfTax": "92900000",
            "ebit": "147000000",
            "ebitda": "115200000",
            "netIncome": "91800000"
        },
        {
            "fiscalDateEnding": "2021-12-31",
            "reportedCurrency": "USD",
            "grossProfit": "351700000",
            "totalRevenue": "1606300000",
            "costOfRevenue": "1254600000",
            "costofGoodsAndServicesSold": "1254600000",
            "operatingIncome": "211400000",
            "sellingGeneralAndAdministrative": "124500000",
            "researchAndDevelopment": "None",
            "operatingExpenses": "218069000",
            "investmentIncomeNet": "None",
            "netInterestIncome": "-149069000",
            "interestIncome": "36100000",
            "interestExpense": "149069000",
            "nonInterestIncome": "None",
            "otherNonOperatingIncome": "-6600000",
            "depreciation": "None",
            "depreciationAndAmortization": "73142000",
            "incomeBeforeTax": "168300000",
            "incomeTaxExpense": "30400000",
            "interestAndDebtExpense": "149069000",
            "netIncomeFromContinuingOperations": "138279000",
            "comprehensiveIncomeNetOfTax": "161700000",
            "ebit": "211400000",
            "ebitda": "390511000",
            "netIncome": "137900000"
        },
        {
            "fiscalDateEnding": "2021-09-30",
            "reportedCurrency": "USD",
            "grossProfit": "394100000",
            "totalRevenue": "1516500000",
            "costOfRevenue": "1122400000",
            "costofGoodsAndServicesSold": "1122400000",
            "operatingIncome": "262400000",
            "sellingGeneralAndAdministrative": "103800000",
            "researchAndDevelopment": "None",
            "operatingExpenses": "135864000",
            "investmentIncomeNet": "None",
            "netInterestIncome": "-172000",
            "interestIncome": "36776000",
            "interestExpense": "172000",
            "nonInterestIncome": "None",
            "otherNonOperatingIncome": "3100000",
            "depreciation": "None",
            "depreciationAndAmortization": "828000",
            "incomeBeforeTax": "228600000",
            "incomeTaxExpense": "51700000",
            "interestAndDebtExpense": "172000",
            "netIncomeFromContinuingOperations": "176972000",
            "comprehensiveIncomeNetOfTax": "178500000",
            "ebit": "262400000",
            "ebitda": "229600000",
            "netIncome": "176900000"
        },
        {
            "fiscalDateEnding": "2021-06-30",
            "reportedCurrency": "USD",
            "grossProfit": "398400000",
            "totalRevenue": "1361000000",
            "costOfRevenue": "962600000",
            "costofGoodsAndServicesSold": "962600000",
            "operatingIncome": "287500000",
            "sellingGeneralAndAdministrative": "100700000",
            "researchAndDevelopment": "None",
            "operatingExpenses": "114786000",
            "investmentIncomeNet": "None",
            "netInterestIncome": "-30000",
            "interestIncome": "41696000",
            "interestExpense": "30000",
            "nonInterestIncome": "None",
            "otherNonOperatingIncome": "8300000",
            "depreciation": "None",
            "depreciationAndAmortization": "699000",
            "incomeBeforeTax": "252600000",
            "incomeTaxExpense": "57300000",
            "interestAndDebtExpense": "30000",
            "netIncomeFromContinuingOperations": "196780000",
            "comprehensiveIncomeNetOfTax": "196900000",
            "ebit": "287500000",
            "ebitda": "253329000",
            "netIncome": "195300000"
        },
        {
            "fiscalDateEnding": "2021-03-31",
            "reportedCurrency": "USD",
            "grossProfit": "229300000",
            "totalRevenue": "1068300000",
            "costOfRevenue": "839000000",
            "costofGoodsAndServicesSold": "839000000",
            "operatingIncome": "249500000",
            "sellingGeneralAndAdministrative": "88600000",
            "researchAndDevelopment": "None",
            "operatingExpenses": "-16418000",
            "investmentIncomeNet": "None",
            "netInterestIncome": "-30000",
            "interestIncome": "33118000",
            "interestExpense": "30000",
            "nonInterestIncome": "None",
            "otherNonOperatingIncome": "5900000",
            "depreciation": "None",
            "depreciationAndAmortization": "632000",
            "incomeBeforeTax": "221200000",
            "incomeTaxExpense": "60600000",
            "interestAndDebtExpense": "30000",
            "netIncomeFromContinuingOperations": "161670000",
            "comprehensiveIncomeNetOfTax": "162200000",
            "ebit": "249500000",
            "ebitda": "221862000",
            "netIncome": "160600000"
        },
        {
            "fiscalDateEnding": "2020-12-31",
            "reportedCurrency": "USD",
            "grossProfit": "302741000",
            "totalRevenue": "1175119000",
            "costOfRevenue": "872378000",
            "costofGoodsAndServicesSold": "872333000",
            "operatingIncome": "196430000",
            "sellingGeneralAndAdministrative": "98654000",
            "researchAndDevelopment": "None",
            "operatingExpenses": "158791000",
            "investmentIncomeNet": "None",
            "netInterestIncome": "-135885000",
            "interestIncome": "40000",
            "interestExpense": "135925000",
            "nonInterestIncome": "None",
            "otherNonOperatingIncome": "-21318000",
            "depreciation": "None",
            "depreciationAndAmortization": "47105000",
            "incomeBeforeTax": "139788000",
            "incomeTaxExpense": "25270000",
            "interestAndDebtExpense": "135885000",
            "netIncomeFromContinuingOperations": "115915000",
            "comprehensiveIncomeNetOfTax": "139194000",
            "ebit": "196430000",
            "ebitda": "322818000",
            "netIncome": "114518000"
        },
        {
            "fiscalDateEnding": "2020-09-30",
            "reportedCurrency": "USD",
            "grossProfit": "380498000",
            "totalRevenue": "1309890000",
            "costOfRevenue": "929392000",
            "costofGoodsAndServicesSold": "929392000",
            "operatingIncome": "288104000",
            "sellingGeneralAndAdministrative": "83511000",
            "researchAndDevelopment": "None",
            "operatingExpenses": "95509000",
            "investmentIncomeNet": "None",
            "netInterestIncome": "-27000",
            "interestIncome": "35782000",
            "interestExpense": "27000",
            "nonInterestIncome": "None",
            "otherNonOperatingIncome": "5787000",
            "depreciation": "None",
            "depreciationAndAmortization": "449000",
            "incomeBeforeTax": "256772000",
            "incomeTaxExpense": "56984000",
            "interestAndDebtExpense": "27000",
            "netIncomeFromContinuingOperations": "201125000",
            "comprehensiveIncomeNetOfTax": "201833000",
            "ebit": "288104000",
            "ebitda": "257248000",
            "netIncome": "199788000"
        },
        {
            "fiscalDateEnding": "2020-06-30",
            "reportedCurrency": "USD",
            "grossProfit": "396519000",
            "totalRevenue": "1322575000",
            "costOfRevenue": "926056000",
            "costofGoodsAndServicesSold": "926056000",
            "operatingIncome": "298896000",
            "sellingGeneralAndAdministrative": "91205000",
            "researchAndDevelopment": "None",
            "operatingExpenses": "100870000",
            "investmentIncomeNet": "None",
            "netInterestIncome": "-25000",
            "interestIncome": "33954000",
            "interestExpense": "25000",
            "nonInterestIncome": "None",
            "otherNonOperatingIncome": "7367000",
            "depreciation": "None",
            "depreciationAndAmortization": "369000",
            "incomeBeforeTax": "271268000",
            "incomeTaxExpense": "61352000",
            "interestAndDebtExpense": "25000",
            "netIncomeFromContinuingOperations": "210957000",
            "comprehensiveIncomeNetOfTax": "211805000",
            "ebit": "298896000",
            "ebitda": "271662000",
            "netIncome": "209916000"
        },
        {
            "fiscalDateEnding": "2020-03-31",
            "reportedCurrency": "USD",
            "grossProfit": "201723000",
            "totalRevenue": "1049242000",
            "costOfRevenue": "847519000",
            "costofGoodsAndServicesSold": "847519000",
            "operatingIncome": "112301000",
            "sellingGeneralAndAdministrative": "86430000",
            "researchAndDevelopment": "None",
            "operatingExpenses": "92330000",
            "investmentIncomeNet": "None",
            "netInterestIncome": "-22000",
            "interestIncome": "30773000",
            "interestExpense": "22000",
            "nonInterestIncome": "None",
            "otherNonOperatingIncome": "-9336000",
            "depreciation": "None",
            "depreciationAndAmortization": "304000",
            "incomeBeforeTax": "72452000",
            "incomeTaxExpense": "12194000",
            "interestAndDebtExpense": "22000",
            "netIncomeFromContinuingOperations": "59998000",
            "comprehensiveIncomeNetOfTax": "48067000",
            "ebit": "112301000",
            "ebitda": "72778000",
            "netIncome": "60258000"
        },
        {
            "fiscalDateEnding": "2019-12-31",
            "reportedCurrency": "USD",
            "grossProfit": "293081000",
            "totalRevenue": "1186152000",
            "costOfRevenue": "893071000",
            "costofGoodsAndServicesSold": "893069000",
            "operatingIncome": "193575000",
            "sellingGeneralAndAdministrative": "95753000",
            "researchAndDevelopment": "None",
            "operatingExpenses": "144270000",
            "investmentIncomeNet": "None",
            "netInterestIncome": "-30835000",
            "interestIncome": "30835000",
            "interestExpense": "31990000",
            "nonInterestIncome": "0",
            "otherNonOperatingIncome": "3246000",
            "depreciation": "None",
            "depreciationAndAmortization": "None",
            "incomeBeforeTax": "164528000",
            "incomeTaxExpense": "23436000",
            "interestAndDebtExpense": "130155000",
            "netIncomeFromContinuingOperations": "142595000",
            "comprehensiveIncomeNetOfTax": "114606000",
            "ebit": "193575000",
            "ebitda": "196517000",
            "netIncome": "141092000"
        },
        {
            "fiscalDateEnding": "2019-09-30",
            "reportedCurrency": "USD",
            "grossProfit": "400643000",
            "totalRevenue": "1418758000",
            "costOfRevenue": "1018115000",
            "costofGoodsAndServicesSold": "1018115000",
            "operatingIncome": "303376000",
            "sellingGeneralAndAdministrative": "88789000",
            "researchAndDevelopment": "None",
            "operatingExpenses": "100011000",
            "investmentIncomeNet": "None",
            "netInterestIncome": "-32197000",
            "interestIncome": "32197000",
            "interestExpense": "32197000",
            "nonInterestIncome": "0",
            "otherNonOperatingIncome": "359000",
            "depreciation": "None",
            "depreciationAndAmortization": "None",
            "incomeBeforeTax": "269185000",
            "incomeTaxExpense": "53472000",
            "interestAndDebtExpense": "0",
            "netIncomeFromContinuingOperations": "218066000",
            "comprehensiveIncomeNetOfTax": "216056000",
            "ebit": "303376000",
            "ebitda": "301382000",
            "netIncome": "215713000"
        },
        {
            "fiscalDateEnding": "2019-06-30",
            "reportedCurrency": "USD",
            "grossProfit": "370502000",
            "totalRevenue": "1327682000",
            "costOfRevenue": "957180000",
            "costofGoodsAndServicesSold": "957180000",
            "operatingIncome": "276074000",
            "sellingGeneralAndAdministrative": "95689000",
            "researchAndDevelopment": "None",
            "operatingExpenses": "97145000",
            "investmentIncomeNet": "None",
            "netInterestIncome": "-33035000",
            "interestIncome": "33035000",
            "interestExpense": "33035000",
            "nonInterestIncome": "0",
            "otherNonOperatingIncome": "2466000",
            "depreciation": "None",
            "depreciationAndAmortization": "None",
            "incomeBeforeTax": "245156000",
            "incomeTaxExpense": "47598000",
            "interestAndDebtExpense": "0",
            "netIncomeFromContinuingOperations": "197907000",
            "comprehensiveIncomeNetOfTax": "197950000",
            "ebit": "276074000",
            "ebitda": "278191000",
            "netIncome": "197558000"
        },
        {
            "fiscalDateEnding": "2019-03-31",
            "reportedCurrency": "USD",
            "grossProfit": "191675000",
            "totalRevenue": "996511000",
            "costOfRevenue": "804836000",
            "costofGoodsAndServicesSold": "804836000",
            "operatingIncome": "104433000",
            "sellingGeneralAndAdministrative": "90268000",
            "researchAndDevelopment": "None",
            "operatingExpenses": "89975000",
            "investmentIncomeNet": "None",
            "netInterestIncome": "-32934000",
            "interestIncome": "32934000",
            "interestExpense": "32934000",
            "nonInterestIncome": "0",
            "otherNonOperatingIncome": "3129000",
            "depreciation": "None",
            "depreciationAndAmortization": "None",
            "incomeBeforeTax": "73992000",
            "incomeTaxExpense": "10693000",
            "interestAndDebtExpense": "0",
            "netIncomeFromContinuingOperations": "63935000",
            "comprehensiveIncomeNetOfTax": "63589000",
            "ebit": "104433000",
            "ebitda": "106926000",
            "netIncome": "63299000"
        },
        {
            "fiscalDateEnding": "2018-12-31",
            "reportedCurrency": "USD",
            "grossProfit": "275285000",
            "totalRevenue": "1088047000",
            "costOfRevenue": "812762000",
            "costofGoodsAndServicesSold": "812763000",
            "operatingIncome": "186491000",
            "sellingGeneralAndAdministrative": "84382000",
            "researchAndDevelopment": "None",
            "operatingExpenses": "127182000",
            "investmentIncomeNet": "None",
            "netInterestIncome": "None",
            "interestIncome": "None",
            "interestExpense": "33411000",
            "nonInterestIncome": "0",
            "otherNonOperatingIncome": "292000",
            "depreciation": "None",
            "depreciationAndAmortization": "None",
            "incomeBeforeTax": "153667000",
            "incomeTaxExpense": "29644000",
            "interestAndDebtExpense": "137977000",
            "netIncomeFromContinuingOperations": "124280000",
            "comprehensiveIncomeNetOfTax": "124961000",
            "ebit": "186491000",
            "ebitda": "187077000",
            "netIncome": "124023000"
        },
        {
            "fiscalDateEnding": "2018-09-30",
            "reportedCurrency": "USD",
            "grossProfit": "343142000",
            "totalRevenue": "1240197000",
            "costOfRevenue": "897055000",
            "costofGoodsAndServicesSold": "897055000",
            "operatingIncome": "249184000",
            "sellingGeneralAndAdministrative": "81606000",
            "researchAndDevelopment": "None",
            "operatingExpenses": "96642000",
            "investmentIncomeNet": "None",
            "netInterestIncome": "None",
            "interestIncome": "None",
            "interestExpense": "33547000",
            "nonInterestIncome": "-7388000",
            "otherNonOperatingIncome": "4890000",
            "depreciation": "None",
            "depreciationAndAmortization": "None",
            "incomeBeforeTax": "219814000",
            "incomeTaxExpense": "40663000",
            "interestAndDebtExpense": "7388000",
            "netIncomeFromContinuingOperations": "179864000",
            "comprehensiveIncomeNetOfTax": "180295000",
            "ebit": "249184000",
            "ebitda": "253361000",
            "netIncome": "179151000"
        },
        {
            "fiscalDateEnding": "2018-06-30",
            "reportedCurrency": "USD",
            "grossProfit": "323184000",
            "totalRevenue": "1200151000",
            "costOfRevenue": "876967000",
            "costofGoodsAndServicesSold": "876967000",
            "operatingIncome": "230843000",
            "sellingGeneralAndAdministrative": "89043000",
            "researchAndDevelopment": "None",
            "operatingExpenses": "95599000",
            "investmentIncomeNet": "None",
            "netInterestIncome": "None",
            "interestIncome": "None",
            "interestExpense": "33244000",
            "nonInterestIncome": "0",
            "otherNonOperatingIncome": "3339000",
            "depreciation": "None",
            "depreciationAndAmortization": "None",
            "incomeBeforeTax": "199698000",
            "incomeTaxExpense": "40046000",
            "interestAndDebtExpense": "0",
            "netIncomeFromContinuingOperations": "160302000",
            "comprehensiveIncomeNetOfTax": "160796000",
            "ebit": "230843000",
            "ebitda": "232942000",
            "netIncome": "159652000"
        },
        {
            "fiscalDateEnding": "2018-03-31",
            "reportedCurrency": "USD",
            "grossProfit": "159334000",
            "totalRevenue": "854474000",
            "costOfRevenue": "695140000",
            "costofGoodsAndServicesSold": "695140000",
            "operatingIncome": "81195000",
            "sellingGeneralAndAdministrative": "78340000",
            "researchAndDevelopment": "None",
            "operatingExpenses": "80835000",
            "investmentIncomeNet": "None",
            "netInterestIncome": "None",
            "interestIncome": "None",
            "interestExpense": "37774000",
            "nonInterestIncome": "-6922000",
            "otherNonOperatingIncome": "5071000",
            "depreciation": "None",
            "depreciationAndAmortization": "None",
            "incomeBeforeTax": "48076000",
            "incomeTaxExpense": "-4903000",
            "interestAndDebtExpense": "6922000",
            "netIncomeFromContinuingOperations": "53395000",
            "comprehensiveIncomeNetOfTax": "56632000",
            "ebit": "81195000",
            "ebitda": "85850000",
            "netIncome": "52979000"
        }
    ]
}