{
    "symbol": "XEL",
    "annualReports": [
        {
            "fiscalDateEnding": "2022-12-31",
            "reportedCurrency": "USD",
            "grossProfit": "-2054000000",
            "totalRevenue": "15310000000",
            "costOfRevenue": "1101000000",
            "costofGoodsAndServicesSold": "9450000000",
            "operatingIncome": "2428000000",
            "sellingGeneralAndAdministrative": "905000000",
            "researchAndDevelopment": "None",
            "operatingExpenses": "1130000000",
            "investmentIncomeNet": "None",
            "netInterestIncome": "-953000000",
            "interestIncome": "None",
            "interestExpense": "953000000",
            "nonInterestIncome": "None",
            "otherNonOperatingIncome": "-13000000",
            "depreciation": "None",
            "depreciationAndAmortization": "4000000",
            "incomeBeforeTax": "1601000000",
            "incomeTaxExpense": "-135000000",
            "interestAndDebtExpense": "925000000",
            "netIncomeFromContinuingOperations": "1736000000",
            "comprehensiveIncomeNetOfTax": "1766000000",
            "ebit": "2554000000",
            "ebitda": "2558000000",
            "netIncome": "1736000000"
        },
        {
            "fiscalDateEnding": "2021-12-31",
            "reportedCurrency": "USD",
            "grossProfit": "-1789000000",
            "totalRevenue": "13431000000",
            "costOfRevenue": "947000000",
            "costofGoodsAndServicesSold": "8173000000",
            "operatingIncome": "2203000000",
            "sellingGeneralAndAdministrative": "764000000",
            "researchAndDevelopment": "None",
            "operatingExpenses": "933000000",
            "investmentIncomeNet": "None",
            "netInterestIncome": "-842000000",
            "interestIncome": "None",
            "interestExpense": "842000000",
            "nonInterestIncome": "None",
            "otherNonOperatingIncome": "5000000",
            "depreciation": "None",
            "depreciationAndAmortization": "7000000",
            "incomeBeforeTax": "1527000000",
            "incomeTaxExpense": "-70000000",
            "interestAndDebtExpense": "816000000",
            "netIncomeFromContinuingOperations": "1597000000",
            "comprehensiveIncomeNetOfTax": "1615000000",
            "ebit": "2369000000",
            "ebitda": "2376000000",
            "netIncome": "1597000000"
        },
        {
            "fiscalDateEnding": "2020-12-31",
            "reportedCurrency": "USD",
            "grossProfit": "-1813000000",
            "totalRevenue": "11526000000",
            "costOfRevenue": "973000000",
            "costofGoodsAndServicesSold": "6562000000",
            "operatingIncome": "2116000000",
            "sellingGeneralAndAdministrative": "795000000",
            "researchAndDevelopment": "None",
            "operatingExpenses": "960000000",
            "investmentIncomeNet": "None",
            "netInterestIncome": "-840000000",
            "interestIncome": "None",
            "interestExpense": "840000000",
            "nonInterestIncome": "None",
            "otherNonOperatingIncome": "-6000000",
            "depreciation": "None",
            "depreciationAndAmortization": "7000000",
            "incomeBeforeTax": "1467000000",
            "incomeTaxExpense": "-6000000",
            "interestAndDebtExpense": "798000000",
            "netIncomeFromContinuingOperations": "1473000000",
            "comprehensiveIncomeNetOfTax": "1473000000",
            "ebit": "2307000000",
            "ebitda": "2314000000",
            "netIncome": "1473000000"
        },
        {
            "fiscalDateEnding": "2019-12-31",
            "reportedCurrency": "USD",
            "grossProfit": "-1574000000",
            "totalRevenue": "11529000000",
            "costOfRevenue": "801000000",
            "costofGoodsAndServicesSold": "6806000000",
            "operatingIncome": "2104000000",
            "sellingGeneralAndAdministrative": "627000000",
            "researchAndDevelopment": "None",
            "operatingExpenses": "803000000",
            "investmentIncomeNet": "None",
            "netInterestIncome": "-773000000",
            "interestIncome": "671000000",
            "interestExpense": "773000000",
            "nonInterestIncome": "None",
            "otherNonOperatingIncome": "16000000",
            "depreciation": "None",
            "depreciationAndAmortization": "6000000",
            "incomeBeforeTax": "1500000000",
            "incomeTaxExpense": "128000000",
            "interestAndDebtExpense": "736000000",
            "netIncomeFromContinuingOperations": "1372000000",
            "comprehensiveIncomeNetOfTax": "1355000000",
            "ebit": "2273000000",
            "ebitda": "2279000000",
            "netIncome": "1372000000"
        },
        {
            "fiscalDateEnding": "2018-12-31",
            "reportedCurrency": "USD",
            "grossProfit": "6927000000",
            "totalRevenue": "11537000000",
            "costOfRevenue": "4610000000",
            "costofGoodsAndServicesSold": "3854000000",
            "operatingIncome": "1965000000",
            "sellingGeneralAndAdministrative": "601000000",
            "researchAndDevelopment": "None",
            "operatingExpenses": "763000000",
            "investmentIncomeNet": "None",
            "netInterestIncome": "-700000000",
            "interestIncome": "592000000",
            "interestExpense": "700000000",
            "nonInterestIncome": "11537000000",
            "otherNonOperatingIncome": "-14000000",
            "depreciation": "None",
            "depreciationAndAmortization": "6000000",
            "incomeBeforeTax": "1442000000",
            "incomeTaxExpense": "181000000",
            "interestAndDebtExpense": "652000000",
            "netIncomeFromContinuingOperations": "1261000000",
            "comprehensiveIncomeNetOfTax": "1262000000",
            "ebit": "2142000000",
            "ebitda": "2148000000",
            "netIncome": "1261000000"
        }
    ],
    "quarterlyReports": [
        {
            "fiscalDateEnding": "2023-03-31",
            "reportedCurrency": "USD",
            "grossProfit": "-450000000",
            "totalRevenue": "4080000000",
            "costOfRevenue": "197000000",
            "costofGoodsAndServicesSold": "662000000",
            "operatingIncome": "573000000",
            "sellingGeneralAndAdministrative": "184000000",
            "researchAndDevelopment": "None",
            "operatingExpenses": "185000000",
            "investmentIncomeNet": "None",
            "netInterestIncome": "-253000000",
            "interestIncome": "None",
            "interestExpense": "253000000",
            "nonInterestIncome": "None",
            "otherNonOperatingIncome": "5000000",
            "depreciation": "None",
            "depreciationAndAmortization": "1000000",
            "incomeBeforeTax": "365000000",
            "incomeTaxExpense": "-53000000",
            "interestAndDebtExpense": "243000000",
            "netIncomeFromContinuingOperations": "418000000",
            "comprehensiveIncomeNetOfTax": "414000000",
            "ebit": "618000000",
            "ebitda": "619000000",
            "netIncome": "418000000"
        },
        {
            "fiscalDateEnding": "2022-12-31",
            "reportedCurrency": "USD",
            "grossProfit": "-791000000",
            "totalRevenue": "4053000000",
            "costOfRevenue": "543000000",
            "costofGoodsAndServicesSold": "2685000000",
            "operatingIncome": "525000000",
            "sellingGeneralAndAdministrative": "382000000",
            "researchAndDevelopment": "None",
            "operatingExpenses": "604000000",
            "investmentIncomeNet": "None",
            "netInterestIncome": "-248000000",
            "interestIncome": "None",
            "interestExpense": "248000000",
            "nonInterestIncome": "None",
            "otherNonOperatingIncome": "7000000",
            "depreciation": "None",
            "depreciationAndAmortization": "1000000",
            "incomeBeforeTax": "324000000",
            "incomeTaxExpense": "-55000000",
            "interestAndDebtExpense": "239000000",
            "netIncomeFromContinuingOperations": "379000000",
            "comprehensiveIncomeNetOfTax": "377000000",
            "ebit": "572000000",
            "ebitda": "573000000",
            "netIncome": "379000000"
        },
        {
            "fiscalDateEnding": "2022-09-30",
            "reportedCurrency": "USD",
            "grossProfit": "-429000000",
            "totalRevenue": "4082000000",
            "costOfRevenue": "185000000",
            "costofGoodsAndServicesSold": "2292000000",
            "operatingIncome": "924000000",
            "sellingGeneralAndAdministrative": "173000000",
            "researchAndDevelopment": "None",
            "operatingExpenses": "174000000",
            "investmentIncomeNet": "None",
            "netInterestIncome": "-244000000",
            "interestIncome": "None",
            "interestExpense": "244000000",
            "nonInterestIncome": "None",
            "otherNonOperatingIncome": "-15000000",
            "depreciation": "None",
            "depreciationAndAmortization": "1000000",
            "incomeBeforeTax": "693000000",
            "incomeTaxExpense": "44000000",
            "interestAndDebtExpense": "237000000",
            "netIncomeFromContinuingOperations": "649000000",
            "comprehensiveIncomeNetOfTax": "661000000",
            "ebit": "937000000",
            "ebitda": "938000000",
            "netIncome": "649000000"
        },
        {
            "fiscalDateEnding": "2022-06-30",
            "reportedCurrency": "USD",
            "grossProfit": "-438000000",
            "totalRevenue": "3424000000",
            "costOfRevenue": "191000000",
            "costofGoodsAndServicesSold": "2057000000",
            "operatingIncome": "469000000",
            "sellingGeneralAndAdministrative": "179000000",
            "researchAndDevelopment": "None",
            "operatingExpenses": "180000000",
            "investmentIncomeNet": "None",
            "netInterestIncome": "-247000000",
            "interestIncome": "None",
            "interestExpense": "247000000",
            "nonInterestIncome": "None",
            "otherNonOperatingIncome": "-6000000",
            "depreciation": "None",
            "depreciationAndAmortization": "1000000",
            "incomeBeforeTax": "254000000",
            "incomeTaxExpense": "-74000000",
            "interestAndDebtExpense": "240000000",
            "netIncomeFromContinuingOperations": "328000000",
            "comprehensiveIncomeNetOfTax": "341000000",
            "ebit": "501000000",
            "ebitda": "502000000",
            "netIncome": "328000000"
        },
        {
            "fiscalDateEnding": "2022-03-31",
            "reportedCurrency": "USD",
            "grossProfit": "-396000000",
            "totalRevenue": "3751000000",
            "costOfRevenue": "182000000",
            "costofGoodsAndServicesSold": "2416000000",
            "operatingIncome": "510000000",
            "sellingGeneralAndAdministrative": "171000000",
            "researchAndDevelopment": "None",
            "operatingExpenses": "172000000",
            "investmentIncomeNet": "None",
            "netInterestIncome": "-214000000",
            "interestIncome": "None",
            "interestExpense": "214000000",
            "nonInterestIncome": "None",
            "otherNonOperatingIncome": "1000000",
            "depreciation": "None",
            "depreciationAndAmortization": "1000000",
            "incomeBeforeTax": "330000000",
            "incomeTaxExpense": "-50000000",
            "interestAndDebtExpense": "209000000",
            "netIncomeFromContinuingOperations": "380000000",
            "comprehensiveIncomeNetOfTax": "387000000",
            "ebit": "544000000",
            "ebitda": "545000000",
            "netIncome": "380000000"
        },
        {
            "fiscalDateEnding": "2021-12-31",
            "reportedCurrency": "USD",
            "grossProfit": "-655000000",
            "totalRevenue": "3355000000",
            "costOfRevenue": "441000000",
            "costofGoodsAndServicesSold": "2147000000",
            "operatingIncome": "426000000",
            "sellingGeneralAndAdministrative": "292000000",
            "researchAndDevelopment": "None",
            "operatingExpenses": "455000000",
            "investmentIncomeNet": "None",
            "netInterestIncome": "-214000000",
            "interestIncome": "None",
            "interestExpense": "214000000",
            "nonInterestIncome": "None",
            "otherNonOperatingIncome": "0",
            "depreciation": "None",
            "depreciationAndAmortization": "1000000",
            "incomeBeforeTax": "235000000",
            "incomeTaxExpense": "-53000000",
            "interestAndDebtExpense": "206000000",
            "netIncomeFromContinuingOperations": "426000000",
            "comprehensiveIncomeNetOfTax": "318000000",
            "ebit": "449000000",
            "ebitda": "450000000",
            "netIncome": "288000000"
        },
        {
            "fiscalDateEnding": "2021-09-30",
            "reportedCurrency": "USD",
            "grossProfit": "-376000000",
            "totalRevenue": "3467000000",
            "costOfRevenue": "165000000",
            "costofGoodsAndServicesSold": "1875000000",
            "operatingIncome": "825000000",
            "sellingGeneralAndAdministrative": "152000000",
            "researchAndDevelopment": "None",
            "operatingExpenses": "154000000",
            "investmentIncomeNet": "None",
            "netInterestIncome": "-211000000",
            "interestIncome": "None",
            "interestExpense": "211000000",
            "nonInterestIncome": "None",
            "otherNonOperatingIncome": "-3000000",
            "depreciation": "None",
            "depreciationAndAmortization": "2000000",
            "incomeBeforeTax": "652000000",
            "incomeTaxExpense": "43000000",
            "interestAndDebtExpense": "204000000",
            "netIncomeFromContinuingOperations": "609000000",
            "comprehensiveIncomeNetOfTax": "618000000",
            "ebit": "863000000",
            "ebitda": "865000000",
            "netIncome": "609000000"
        },
        {
            "fiscalDateEnding": "2021-06-30",
            "reportedCurrency": "USD",
            "grossProfit": "-380000000",
            "totalRevenue": "3068000000",
            "costOfRevenue": "168000000",
            "costofGoodsAndServicesSold": "1874000000",
            "operatingIncome": "438000000",
            "sellingGeneralAndAdministrative": "157000000",
            "researchAndDevelopment": "None",
            "operatingExpenses": "159000000",
            "investmentIncomeNet": "None",
            "netInterestIncome": "-212000000",
            "interestIncome": "None",
            "interestExpense": "212000000",
            "nonInterestIncome": "None",
            "otherNonOperatingIncome": "3000000",
            "depreciation": "None",
            "depreciationAndAmortization": "2000000",
            "incomeBeforeTax": "273000000",
            "incomeTaxExpense": "-38000000",
            "interestAndDebtExpense": "206000000",
            "netIncomeFromContinuingOperations": "311000000",
            "comprehensiveIncomeNetOfTax": "314000000",
            "ebit": "485000000",
            "ebitda": "487000000",
            "netIncome": "311000000"
        },
        {
            "fiscalDateEnding": "2021-03-31",
            "reportedCurrency": "USD",
            "grossProfit": "-378000000",
            "totalRevenue": "3541000000",
            "costOfRevenue": "173000000",
            "costofGoodsAndServicesSold": "2277000000",
            "operatingIncome": "507000000",
            "sellingGeneralAndAdministrative": "163000000",
            "researchAndDevelopment": "None",
            "operatingExpenses": "165000000",
            "investmentIncomeNet": "None",
            "netInterestIncome": "-205000000",
            "interestIncome": "None",
            "interestExpense": "205000000",
            "nonInterestIncome": "None",
            "otherNonOperatingIncome": "5000000",
            "depreciation": "None",
            "depreciationAndAmortization": "2000000",
            "incomeBeforeTax": "340000000",
            "incomeTaxExpense": "-22000000",
            "interestAndDebtExpense": "200000000",
            "netIncomeFromContinuingOperations": "362000000",
            "comprehensiveIncomeNetOfTax": "365000000",
            "ebit": "545000000",
            "ebitda": "547000000",
            "netIncome": "362000000"
        },
        {
            "fiscalDateEnding": "2020-12-31",
            "reportedCurrency": "USD",
            "grossProfit": "-704000000",
            "totalRevenue": "2947000000",
            "costOfRevenue": "492000000",
            "costofGoodsAndServicesSold": "1790000000",
            "operatingIncome": "426000000",
            "sellingGeneralAndAdministrative": "342000000",
            "researchAndDevelopment": "None",
            "operatingExpenses": "543000000",
            "investmentIncomeNet": "None",
            "netInterestIncome": "-212000000",
            "interestIncome": "None",
            "interestExpense": "212000000",
            "nonInterestIncome": "None",
            "otherNonOperatingIncome": "0",
            "depreciation": "None",
            "depreciationAndAmortization": "2000000",
            "incomeBeforeTax": "258000000",
            "incomeTaxExpense": "-30000000",
            "interestAndDebtExpense": "203000000",
            "netIncomeFromContinuingOperations": "426000000",
            "comprehensiveIncomeNetOfTax": "290000000",
            "ebit": "470000000",
            "ebitda": "472000000",
            "netIncome": "288000000"
        },
        {
            "fiscalDateEnding": "2020-09-30",
            "reportedCurrency": "USD",
            "grossProfit": "-390000000",
            "totalRevenue": "3182000000",
            "costOfRevenue": "169000000",
            "costofGoodsAndServicesSold": "1625000000",
            "operatingIncome": "813000000",
            "sellingGeneralAndAdministrative": "158000000",
            "researchAndDevelopment": "None",
            "operatingExpenses": "158000000",
            "investmentIncomeNet": "None",
            "netInterestIncome": "-221000000",
            "interestIncome": "None",
            "interestExpense": "221000000",
            "nonInterestIncome": "None",
            "otherNonOperatingIncome": "1000000",
            "depreciation": "None",
            "depreciationAndAmortization": "2000000",
            "incomeBeforeTax": "646000000",
            "incomeTaxExpense": "43000000",
            "interestAndDebtExpense": "210000000",
            "netIncomeFromContinuingOperations": "603000000",
            "comprehensiveIncomeNetOfTax": "605000000",
            "ebit": "867000000",
            "ebitda": "869000000",
            "netIncome": "603000000"
        },
        {
            "fiscalDateEnding": "2020-06-30",
            "reportedCurrency": "USD",
            "grossProfit": "-362000000",
            "totalRevenue": "2586000000",
            "costOfRevenue": "154000000",
            "costofGoodsAndServicesSold": "1477000000",
            "operatingIncome": "422000000",
            "sellingGeneralAndAdministrative": "146000000",
            "researchAndDevelopment": "None",
            "operatingExpenses": "146000000",
            "investmentIncomeNet": "None",
            "netInterestIncome": "-208000000",
            "interestIncome": "None",
            "interestExpense": "208000000",
            "nonInterestIncome": "None",
            "otherNonOperatingIncome": "5000000",
            "depreciation": "None",
            "depreciationAndAmortization": "2000000",
            "incomeBeforeTax": "274000000",
            "incomeTaxExpense": "-13000000",
            "interestAndDebtExpense": "196000000",
            "netIncomeFromContinuingOperations": "287000000",
            "comprehensiveIncomeNetOfTax": "290000000",
            "ebit": "482000000",
            "ebitda": "484000000",
            "netIncome": "287000000"
        },
        {
            "fiscalDateEnding": "2020-03-31",
            "reportedCurrency": "USD",
            "grossProfit": "-357000000",
            "totalRevenue": "2811000000",
            "costOfRevenue": "158000000",
            "costofGoodsAndServicesSold": "1670000000",
            "operatingIncome": "455000000",
            "sellingGeneralAndAdministrative": "149000000",
            "researchAndDevelopment": "None",
            "operatingExpenses": "149000000",
            "investmentIncomeNet": "None",
            "netInterestIncome": "-199000000",
            "interestIncome": "171000000",
            "interestExpense": "199000000",
            "nonInterestIncome": "None",
            "otherNonOperatingIncome": "-11000000",
            "depreciation": "None",
            "depreciationAndAmortization": "3000000",
            "incomeBeforeTax": "289000000",
            "incomeTaxExpense": "-6000000",
            "interestAndDebtExpense": "189000000",
            "netIncomeFromContinuingOperations": "295000000",
            "comprehensiveIncomeNetOfTax": "288000000",
            "ebit": "488000000",
            "ebitda": "491000000",
            "netIncome": "295000000"
        },
        {
            "fiscalDateEnding": "2019-12-31",
            "reportedCurrency": "USD",
            "grossProfit": "-9843000000",
            "totalRevenue": "2798000000",
            "costOfRevenue": "339000000",
            "costofGoodsAndServicesSold": "1689000000",
            "operatingIncome": "450000000",
            "sellingGeneralAndAdministrative": "198000000",
            "researchAndDevelopment": "None",
            "operatingExpenses": "369000000",
            "investmentIncomeNet": "None",
            "netInterestIncome": "-195000000",
            "interestIncome": "168000000",
            "interestExpense": "195000000",
            "nonInterestIncome": "None",
            "otherNonOperatingIncome": "2000000",
            "depreciation": "None",
            "depreciationAndAmortization": "1000000",
            "incomeBeforeTax": "299000000",
            "incomeTaxExpense": "7000000",
            "interestAndDebtExpense": "185000000",
            "netIncomeFromContinuingOperations": "450000000",
            "comprehensiveIncomeNetOfTax": "293000000",
            "ebit": "494000000",
            "ebitda": "495000000",
            "netIncome": "292000000"
        },
        {
            "fiscalDateEnding": "2019-09-30",
            "reportedCurrency": "USD",
            "grossProfit": "2866000000",
            "totalRevenue": "3013000000",
            "costOfRevenue": "147000000",
            "costofGoodsAndServicesSold": "1596000000",
            "operatingIncome": "758000000",
            "sellingGeneralAndAdministrative": "137000000",
            "researchAndDevelopment": "None",
            "operatingExpenses": "138000000",
            "investmentIncomeNet": "None",
            "netInterestIncome": "-199000000",
            "interestIncome": "176000000",
            "interestExpense": "199000000",
            "nonInterestIncome": "None",
            "otherNonOperatingIncome": "8000000",
            "depreciation": "None",
            "depreciationAndAmortization": "1000000",
            "incomeBeforeTax": "599000000",
            "incomeTaxExpense": "72000000",
            "interestAndDebtExpense": "192000000",
            "netIncomeFromContinuingOperations": "527000000",
            "comprehensiveIncomeNetOfTax": "520000000",
            "ebit": "798000000",
            "ebitda": "799000000",
            "netIncome": "527000000"
        },
        {
            "fiscalDateEnding": "2019-06-30",
            "reportedCurrency": "USD",
            "grossProfit": "2423000000",
            "totalRevenue": "2577000000",
            "costOfRevenue": "154000000",
            "costofGoodsAndServicesSold": "1521000000",
            "operatingIncome": "410000000",
            "sellingGeneralAndAdministrative": "142000000",
            "researchAndDevelopment": "None",
            "operatingExpenses": "144000000",
            "investmentIncomeNet": "None",
            "netInterestIncome": "-189000000",
            "interestIncome": "164000000",
            "interestExpense": "189000000",
            "nonInterestIncome": "None",
            "otherNonOperatingIncome": "2000000",
            "depreciation": "None",
            "depreciationAndAmortization": "2000000",
            "incomeBeforeTax": "262000000",
            "incomeTaxExpense": "24000000",
            "interestAndDebtExpense": "179000000",
            "netIncomeFromContinuingOperations": "238000000",
            "comprehensiveIncomeNetOfTax": "230000000",
            "ebit": "451000000",
            "ebitda": "453000000",
            "netIncome": "238000000"
        },
        {
            "fiscalDateEnding": "2019-03-31",
            "reportedCurrency": "USD",
            "grossProfit": "2981000000",
            "totalRevenue": "3141000000",
            "costOfRevenue": "160000000",
            "costofGoodsAndServicesSold": "2000000000",
            "operatingIncome": "486000000",
            "sellingGeneralAndAdministrative": "150000000",
            "researchAndDevelopment": "None",
            "operatingExpenses": "150000000",
            "investmentIncomeNet": "None",
            "netInterestIncome": "-189000000",
            "interestIncome": "164000000",
            "interestExpense": "189000000",
            "nonInterestIncome": "3141000000",
            "otherNonOperatingIncome": "4000000",
            "depreciation": "None",
            "depreciationAndAmortization": "1000000",
            "incomeBeforeTax": "340000000",
            "incomeTaxExpense": "25000000",
            "interestAndDebtExpense": "179000000",
            "netIncomeFromContinuingOperations": "315000000",
            "comprehensiveIncomeNetOfTax": "312000000",
            "ebit": "529000000",
            "ebitda": "530000000",
            "netIncome": "315000000"
        },
        {
            "fiscalDateEnding": "2018-12-31",
            "reportedCurrency": "USD",
            "grossProfit": "2880000000",
            "totalRevenue": "2880000000",
            "costOfRevenue": "4167000000",
            "costofGoodsAndServicesSold": "1885000000",
            "operatingIncome": "339000000",
            "sellingGeneralAndAdministrative": "184000000",
            "researchAndDevelopment": "None",
            "operatingExpenses": "346000000",
            "investmentIncomeNet": "None",
            "netInterestIncome": "-177000000",
            "interestIncome": "None",
            "interestExpense": "177000000",
            "nonInterestIncome": "None",
            "otherNonOperatingIncome": "-6000000",
            "depreciation": "None",
            "depreciationAndAmortization": "476000000",
            "incomeBeforeTax": "208000000",
            "incomeTaxExpense": "-6000000",
            "interestAndDebtExpense": "164000000",
            "netIncomeFromContinuingOperations": "339000000",
            "comprehensiveIncomeNetOfTax": "209000000",
            "ebit": "385000000",
            "ebitda": "841000000",
            "netIncome": "214000000"
        },
        {
            "fiscalDateEnding": "2018-09-30",
            "reportedCurrency": "USD",
            "grossProfit": "2904000000",
            "totalRevenue": "3048000000",
            "costOfRevenue": "144000000",
            "costofGoodsAndServicesSold": "1700000000",
            "operatingIncome": "696000000",
            "sellingGeneralAndAdministrative": "135000000",
            "researchAndDevelopment": "None",
            "operatingExpenses": "135000000",
            "investmentIncomeNet": "None",
            "netInterestIncome": "-177000000",
            "interestIncome": "None",
            "interestExpense": "177000000",
            "nonInterestIncome": "None",
            "otherNonOperatingIncome": "-7000000",
            "depreciation": "None",
            "depreciationAndAmortization": "474000000",
            "incomeBeforeTax": "564000000",
            "incomeTaxExpense": "73000000",
            "interestAndDebtExpense": "164000000",
            "netIncomeFromContinuingOperations": "491000000",
            "comprehensiveIncomeNetOfTax": "494000000",
            "ebit": "741000000",
            "ebitda": "1196000000",
            "netIncome": "491000000"
        },
        {
            "fiscalDateEnding": "2018-06-30",
            "reportedCurrency": "USD",
            "grossProfit": "1578000000",
            "totalRevenue": "2658000000",
            "costOfRevenue": "1080000000",
            "costofGoodsAndServicesSold": "935000000",
            "operatingIncome": "450000000",
            "sellingGeneralAndAdministrative": "137000000",
            "researchAndDevelopment": "None",
            "operatingExpenses": "137000000",
            "investmentIncomeNet": "None",
            "netInterestIncome": "-175000000",
            "interestIncome": "None",
            "interestExpense": "175000000",
            "nonInterestIncome": "2545000000",
            "otherNonOperatingIncome": "-2000000",
            "depreciation": "None",
            "depreciationAndAmortization": "413000000",
            "incomeBeforeTax": "319000000",
            "incomeTaxExpense": "54000000",
            "interestAndDebtExpense": "164000000",
            "netIncomeFromContinuingOperations": "265000000",
            "comprehensiveIncomeNetOfTax": "267000000",
            "ebit": "494000000",
            "ebitda": "890000000",
            "netIncome": "265000000"
        }
    ]
}