{
    "symbol": "AFL",
    "annualReports": [
        {
            "fiscalDateEnding": "2022-12-31",
            "reportedCurrency": "USD",
            "grossProfit": "-3265000000",
            "totalRevenue": "19502000000",
            "costOfRevenue": "22767000000",
            "costofGoodsAndServicesSold": "None",
            "operatingIncome": "4157000000",
            "sellingGeneralAndAdministrative": "3250000000",
            "researchAndDevelopment": "None",
            "operatingExpenses": "5745000000",
            "investmentIncomeNet": "-226000000",
            "netInterestIncome": "-226000000",
            "interestIncome": "None",
            "interestExpense": "226000000",
            "nonInterestIncome": "14112000000",
            "otherNonOperatingIncome": "0",
            "depreciation": "40000000",
            "depreciationAndAmortization": "45000000",
            "incomeBeforeTax": "4604000000",
            "incomeTaxExpense": "403000000",
            "interestAndDebtExpense": "226000000",
            "netIncomeFromContinuingOperations": "4201000000",
            "comprehensiveIncomeNetOfTax": "-7597000000",
            "ebit": "4830000000",
            "ebitda": "4875000000",
            "netIncome": "4201000000"
        },
        {
            "fiscalDateEnding": "2021-12-31",
            "reportedCurrency": "USD",
            "grossProfit": "-3830000000",
            "totalRevenue": "22106000000",
            "costOfRevenue": "25936000000",
            "costofGoodsAndServicesSold": "None",
            "operatingIncome": "4934000000",
            "sellingGeneralAndAdministrative": "3544000000",
            "researchAndDevelopment": "None",
            "operatingExpenses": "6208000000",
            "investmentIncomeNet": "-218000000",
            "netInterestIncome": "-238000000",
            "interestIncome": "238000000",
            "interestExpense": "238000000",
            "nonInterestIncome": "16842000000",
            "otherNonOperatingIncome": "-74000000",
            "depreciation": "39000000",
            "depreciationAndAmortization": "45000000",
            "incomeBeforeTax": "5322000000",
            "incomeTaxExpense": "997000000",
            "interestAndDebtExpense": "238000000",
            "netIncomeFromContinuingOperations": "4325000000",
            "comprehensiveIncomeNetOfTax": "2784000000",
            "ebit": "5560000000",
            "ebitda": "5605000000",
            "netIncome": "4325000000"
        },
        {
            "fiscalDateEnding": "2020-12-31",
            "reportedCurrency": "USD",
            "grossProfit": "-6150000000",
            "totalRevenue": "22147000000",
            "costOfRevenue": "28297000000",
            "costofGoodsAndServicesSold": "None",
            "operatingIncome": "4416000000",
            "sellingGeneralAndAdministrative": "3420000000",
            "researchAndDevelopment": "None",
            "operatingExpenses": "6192000000",
            "investmentIncomeNet": "-212000000",
            "netInterestIncome": "-242000000",
            "interestIncome": "242000000",
            "interestExpense": "242000000",
            "nonInterestIncome": "19021000000",
            "otherNonOperatingIncome": "-28000000",
            "depreciation": "36000000",
            "depreciationAndAmortization": "41000000",
            "incomeBeforeTax": "4159000000",
            "incomeTaxExpense": "-619000000",
            "interestAndDebtExpense": "242000000",
            "netIncomeFromContinuingOperations": "4778000000",
            "comprehensiveIncomeNetOfTax": "6249000000",
            "ebit": "4401000000",
            "ebitda": "4442000000",
            "netIncome": "4778000000"
        },
        {
            "fiscalDateEnding": "2019-12-31",
            "reportedCurrency": "USD",
            "grossProfit": "-5997000000",
            "totalRevenue": "22307000000",
            "costOfRevenue": "28304000000",
            "costofGoodsAndServicesSold": "14545000000",
            "operatingIncome": "4461000000",
            "sellingGeneralAndAdministrative": "3089000000",
            "researchAndDevelopment": "None",
            "operatingExpenses": "5920000000",
            "investmentIncomeNet": "-177000000",
            "netInterestIncome": "-228000000",
            "interestIncome": "228000000",
            "interestExpense": "228000000",
            "nonInterestIncome": "18606000000",
            "otherNonOperatingIncome": "-1000000",
            "depreciation": "40000000",
            "depreciationAndAmortization": "41000000",
            "incomeBeforeTax": "4445000000",
            "incomeTaxExpense": "1141000000",
            "interestAndDebtExpense": "228000000",
            "netIncomeFromContinuingOperations": "3304000000",
            "comprehensiveIncomeNetOfTax": "7768000000",
            "ebit": "4673000000",
            "ebitda": "4714000000",
            "netIncome": "3304000000"
        },
        {
            "fiscalDateEnding": "2018-12-31",
            "reportedCurrency": "USD",
            "grossProfit": "-6549000000",
            "totalRevenue": "21758000000",
            "costOfRevenue": "28307000000",
            "costofGoodsAndServicesSold": "14565000000",
            "operatingIncome": "4354000000",
            "sellingGeneralAndAdministrative": "2988000000",
            "researchAndDevelopment": "None",
            "operatingExpenses": "4357000000",
            "investmentIncomeNet": "-148000000",
            "netInterestIncome": "-222000000",
            "interestIncome": "222000000",
            "interestExpense": "222000000",
            "nonInterestIncome": "18453000000",
            "otherNonOperatingIncome": "-74000000",
            "depreciation": "48000000",
            "depreciationAndAmortization": "49000000",
            "incomeBeforeTax": "3983000000",
            "incomeTaxExpense": "1063000000",
            "interestAndDebtExpense": "222000000",
            "netIncomeFromContinuingOperations": "2920000000",
            "comprehensiveIncomeNetOfTax": "817000000",
            "ebit": "4205000000",
            "ebitda": "4254000000",
            "netIncome": "2920000000"
        }
    ],
    "quarterlyReports": [
        {
            "fiscalDateEnding": "2022-12-31",
            "reportedCurrency": "USD",
            "grossProfit": "-1226000000",
            "totalRevenue": "4010000000",
            "costOfRevenue": "5236000000",
            "costofGoodsAndServicesSold": "None",
            "operatingIncome": "1001000000",
            "sellingGeneralAndAdministrative": "838000000",
            "researchAndDevelopment": "None",
            "operatingExpenses": "1458000000",
            "investmentIncomeNet": "None",
            "netInterestIncome": "-55000000",
            "interestIncome": "None",
            "interestExpense": "55000000",
            "nonInterestIncome": "3948000000",
            "otherNonOperatingIncome": "-1000000",
            "depreciation": "None",
            "depreciationAndAmortization": "None",
            "incomeBeforeTax": "524000000",
            "incomeTaxExpense": "339000000",
            "interestAndDebtExpense": "55000000",
            "netIncomeFromContinuingOperations": "185000000",
            "comprehensiveIncomeNetOfTax": "-709000000",
            "ebit": "579000000",
            "ebitda": "569000000",
            "netIncome": "185000000"
        },
        {
            "fiscalDateEnding": "2022-09-30",
            "reportedCurrency": "USD",
            "grossProfit": "-916000000",
            "totalRevenue": "4820000000",
            "costOfRevenue": "5736000000",
            "costofGoodsAndServicesSold": "None",
            "operatingIncome": "880000000",
            "sellingGeneralAndAdministrative": "783000000",
            "researchAndDevelopment": "None",
            "operatingExpenses": "1377000000",
            "investmentIncomeNet": "None",
            "netInterestIncome": "-59000000",
            "interestIncome": "59000000",
            "interestExpense": "59000000",
            "nonInterestIncome": "3160000000",
            "otherNonOperatingIncome": "1000000",
            "depreciation": "None",
            "depreciationAndAmortization": "None",
            "incomeBeforeTax": "1103000000",
            "incomeTaxExpense": "-493000000",
            "interestAndDebtExpense": "59000000",
            "netIncomeFromContinuingOperations": "1596000000",
            "comprehensiveIncomeNetOfTax": "-1367000000",
            "ebit": "1162000000",
            "ebitda": "1162000000",
            "netIncome": "1596000000"
        },
        {
            "fiscalDateEnding": "2022-06-30",
            "reportedCurrency": "USD",
            "grossProfit": "-265000000",
            "totalRevenue": "5400000000",
            "costOfRevenue": "5665000000",
            "costofGoodsAndServicesSold": "None",
            "operatingIncome": "1134000000",
            "sellingGeneralAndAdministrative": "799000000",
            "researchAndDevelopment": "None",
            "operatingExpenses": "1401000000",
            "investmentIncomeNet": "None",
            "netInterestIncome": "-55000000",
            "interestIncome": "55000000",
            "interestExpense": "55000000",
            "nonInterestIncome": "3291000000",
            "otherNonOperatingIncome": "0",
            "depreciation": "None",
            "depreciationAndAmortization": "None",
            "incomeBeforeTax": "1701000000",
            "incomeTaxExpense": "313000000",
            "interestAndDebtExpense": "55000000",
            "netIncomeFromContinuingOperations": "1388000000",
            "comprehensiveIncomeNetOfTax": "-2273000000",
            "ebit": "1756000000",
            "ebitda": "1756000000",
            "netIncome": "1388000000"
        },
        {
            "fiscalDateEnding": "2022-03-31",
            "reportedCurrency": "USD",
            "grossProfit": "-859000000",
            "totalRevenue": "5272000000",
            "costOfRevenue": "6131000000",
            "costofGoodsAndServicesSold": "None",
            "operatingIncome": "1143000000",
            "sellingGeneralAndAdministrative": "831000000",
            "researchAndDevelopment": "None",
            "operatingExpenses": "1509000000",
            "investmentIncomeNet": "None",
            "netInterestIncome": "-56000000",
            "interestIncome": "56000000",
            "interestExpense": "56000000",
            "nonInterestIncome": "3712000000",
            "otherNonOperatingIncome": "-1000000",
            "depreciation": "None",
            "depreciationAndAmortization": "322000000",
            "incomeBeforeTax": "1276000000",
            "incomeTaxExpense": "244000000",
            "interestAndDebtExpense": "56000000",
            "netIncomeFromContinuingOperations": "1032000000",
            "comprehensiveIncomeNetOfTax": "-3248000000",
            "ebit": "1332000000",
            "ebitda": "1332000000",
            "netIncome": "1032000000"
        },
        {
            "fiscalDateEnding": "2021-12-31",
            "reportedCurrency": "USD",
            "grossProfit": "-1039000000",
            "totalRevenue": "5436000000",
            "costOfRevenue": "6475000000",
            "costofGoodsAndServicesSold": "None",
            "operatingIncome": "994000000",
            "sellingGeneralAndAdministrative": "962000000",
            "researchAndDevelopment": "None",
            "operatingExpenses": "1624000000",
            "investmentIncomeNet": "None",
            "netInterestIncome": "-57000000",
            "interestIncome": "57000000",
            "interestExpense": "57000000",
            "nonInterestIncome": "3993000000",
            "otherNonOperatingIncome": "-8000000",
            "depreciation": "None",
            "depreciationAndAmortization": "-10000000",
            "incomeBeforeTax": "1232000000",
            "incomeTaxExpense": "193000000",
            "interestAndDebtExpense": "57000000",
            "netIncomeFromContinuingOperations": "1039000000",
            "comprehensiveIncomeNetOfTax": "770000000",
            "ebit": "1289000000",
            "ebitda": "1289000000",
            "netIncome": "1039000000"
        },
        {
            "fiscalDateEnding": "2021-09-30",
            "reportedCurrency": "USD",
            "grossProfit": "-1132000000",
            "totalRevenue": "5237000000",
            "costOfRevenue": "6369000000",
            "costofGoodsAndServicesSold": "None",
            "operatingIncome": "1293000000",
            "sellingGeneralAndAdministrative": "869000000",
            "researchAndDevelopment": "None",
            "operatingExpenses": "1515000000",
            "investmentIncomeNet": "None",
            "netInterestIncome": "-57000000",
            "interestIncome": "57000000",
            "interestExpense": "57000000",
            "nonInterestIncome": "4198000000",
            "otherNonOperatingIncome": "-8000000",
            "depreciation": "None",
            "depreciationAndAmortization": "869000000",
            "incomeBeforeTax": "1113000000",
            "incomeTaxExpense": "225000000",
            "interestAndDebtExpense": "57000000",
            "netIncomeFromContinuingOperations": "888000000",
            "comprehensiveIncomeNetOfTax": "531000000",
            "ebit": "1170000000",
            "ebitda": "1170000000",
            "netIncome": "888000000"
        },
        {
            "fiscalDateEnding": "2021-06-30",
            "reportedCurrency": "USD",
            "grossProfit": "-910000000",
            "totalRevenue": "5564000000",
            "costOfRevenue": "6474000000",
            "costofGoodsAndServicesSold": "None",
            "operatingIncome": "1341000000",
            "sellingGeneralAndAdministrative": "881000000",
            "researchAndDevelopment": "None",
            "operatingExpenses": "1538000000",
            "investmentIncomeNet": "None",
            "netInterestIncome": "-62000000",
            "interestIncome": "62000000",
            "interestExpense": "62000000",
            "nonInterestIncome": "4345000000",
            "otherNonOperatingIncome": "-53000000",
            "depreciation": "None",
            "depreciationAndAmortization": "None",
            "incomeBeforeTax": "1373000000",
            "incomeTaxExpense": "268000000",
            "interestAndDebtExpense": "62000000",
            "netIncomeFromContinuingOperations": "1105000000",
            "comprehensiveIncomeNetOfTax": "2317000000",
            "ebit": "1435000000",
            "ebitda": "1435000000",
            "netIncome": "1105000000"
        },
        {
            "fiscalDateEnding": "2021-03-31",
            "reportedCurrency": "USD",
            "grossProfit": "-751000000",
            "totalRevenue": "5869000000",
            "costOfRevenue": "6620000000",
            "costofGoodsAndServicesSold": "None",
            "operatingIncome": "1306000000",
            "sellingGeneralAndAdministrative": "832000000",
            "researchAndDevelopment": "None",
            "operatingExpenses": "1531000000",
            "investmentIncomeNet": "None",
            "netInterestIncome": "-62000000",
            "interestIncome": "62000000",
            "interestExpense": "62000000",
            "nonInterestIncome": "4306000000",
            "otherNonOperatingIncome": "-7000000",
            "depreciation": "None",
            "depreciationAndAmortization": "311000000",
            "incomeBeforeTax": "1603000000",
            "incomeTaxExpense": "310000000",
            "interestAndDebtExpense": "62000000",
            "netIncomeFromContinuingOperations": "1293000000",
            "comprehensiveIncomeNetOfTax": "-834000000",
            "ebit": "1665000000",
            "ebitda": "1665000000",
            "netIncome": "1293000000"
        },
        {
            "fiscalDateEnding": "2020-12-31",
            "reportedCurrency": "USD",
            "grossProfit": "5913000000",
            "totalRevenue": "5913000000",
            "costOfRevenue": "7339000000",
            "costofGoodsAndServicesSold": "None",
            "operatingIncome": "961000000",
            "sellingGeneralAndAdministrative": "1038000000",
            "researchAndDevelopment": "None",
            "operatingExpenses": "2817000000",
            "investmentIncomeNet": "None",
            "netInterestIncome": "-61000000",
            "interestIncome": "61000000",
            "interestExpense": "61000000",
            "nonInterestIncome": "4653000000",
            "otherNonOperatingIncome": "-12000000",
            "depreciation": "None",
            "depreciationAndAmortization": "300000",
            "incomeBeforeTax": "1217000000",
            "incomeTaxExpense": "265000000",
            "interestAndDebtExpense": "61000000",
            "netIncomeFromContinuingOperations": "951000000",
            "comprehensiveIncomeNetOfTax": "1969000000",
            "ebit": "1278000000",
            "ebitda": "1278000000",
            "netIncome": "952000000"
        },
        {
            "fiscalDateEnding": "2020-09-30",
            "reportedCurrency": "USD",
            "grossProfit": "-1450000000",
            "totalRevenue": "5665000000",
            "costOfRevenue": "7115000000",
            "costofGoodsAndServicesSold": "None",
            "operatingIncome": "1037000000",
            "sellingGeneralAndAdministrative": "847000000",
            "researchAndDevelopment": "None",
            "operatingExpenses": "1172000000",
            "investmentIncomeNet": "None",
            "netInterestIncome": "-63000000",
            "interestIncome": "63000000",
            "interestExpense": "63000000",
            "nonInterestIncome": "4761000000",
            "otherNonOperatingIncome": "-1000000",
            "depreciation": "None",
            "depreciationAndAmortization": "914000",
            "incomeBeforeTax": "1153000000",
            "incomeTaxExpense": "-1303000000",
            "interestAndDebtExpense": "63000000",
            "netIncomeFromContinuingOperations": "2456000000",
            "comprehensiveIncomeNetOfTax": "3623000000",
            "ebit": "1216000000",
            "ebitda": "1216000000",
            "netIncome": "2456000000"
        },
        {
            "fiscalDateEnding": "2020-06-30",
            "reportedCurrency": "USD",
            "grossProfit": "-1438000000",
            "totalRevenue": "5407000000",
            "costOfRevenue": "6845000000",
            "costofGoodsAndServicesSold": "None",
            "operatingIncome": "1235000000",
            "sellingGeneralAndAdministrative": "756000000",
            "researchAndDevelopment": "None",
            "operatingExpenses": "1088000000",
            "investmentIncomeNet": "None",
            "netInterestIncome": "-63000000",
            "interestIncome": "63000000",
            "interestExpense": "63000000",
            "nonInterestIncome": "4784000000",
            "otherNonOperatingIncome": "1000000",
            "depreciation": "None",
            "depreciationAndAmortization": "None",
            "incomeBeforeTax": "1070000000",
            "incomeTaxExpense": "265000000",
            "interestAndDebtExpense": "63000000",
            "netIncomeFromContinuingOperations": "805000000",
            "comprehensiveIncomeNetOfTax": "3367000000",
            "ebit": "1133000000",
            "ebitda": "1133000000",
            "netIncome": "805000000"
        },
        {
            "fiscalDateEnding": "2020-03-31",
            "reportedCurrency": "USD",
            "grossProfit": "-1834000000",
            "totalRevenue": "5162000000",
            "costOfRevenue": "6996000000",
            "costofGoodsAndServicesSold": "None",
            "operatingIncome": "1183000000",
            "sellingGeneralAndAdministrative": "779000000",
            "researchAndDevelopment": "None",
            "operatingExpenses": "1115000000",
            "investmentIncomeNet": "None",
            "netInterestIncome": "-55000000",
            "interestIncome": "55000000",
            "interestExpense": "55000000",
            "nonInterestIncome": "4596000000",
            "otherNonOperatingIncome": "-15000000",
            "depreciation": "None",
            "depreciationAndAmortization": "None",
            "incomeBeforeTax": "720000000",
            "incomeTaxExpense": "154000000",
            "interestAndDebtExpense": "55000000",
            "netIncomeFromContinuingOperations": "566000000",
            "comprehensiveIncomeNetOfTax": "-2709000000",
            "ebit": "775000000",
            "ebitda": "775000000",
            "netIncome": "566000000"
        },
        {
            "fiscalDateEnding": "2019-12-31",
            "reportedCurrency": "USD",
            "grossProfit": "5603000000",
            "totalRevenue": "5603000000",
            "costOfRevenue": "7173000000",
            "costofGoodsAndServicesSold": "3630000000",
            "operatingIncome": "1023000000",
            "sellingGeneralAndAdministrative": "859000000",
            "researchAndDevelopment": "None",
            "operatingExpenses": "2700000000",
            "investmentIncomeNet": "None",
            "netInterestIncome": "-57000000",
            "interestIncome": "57000000",
            "interestExpense": "57000000",
            "nonInterestIncome": "4671000000",
            "otherNonOperatingIncome": "0",
            "depreciation": "None",
            "depreciationAndAmortization": "None",
            "incomeBeforeTax": "1057000000",
            "incomeTaxExpense": "276000000",
            "interestAndDebtExpense": "57000000",
            "netIncomeFromContinuingOperations": "782000000",
            "comprehensiveIncomeNetOfTax": "145000000",
            "ebit": "1114000000",
            "ebitda": "1114000000",
            "netIncome": "781000000"
        },
        {
            "fiscalDateEnding": "2019-09-30",
            "reportedCurrency": "USD",
            "grossProfit": "-1610000000",
            "totalRevenue": "5536000000",
            "costOfRevenue": "7146000000",
            "costofGoodsAndServicesSold": "3674000000",
            "operatingIncome": "1156000000",
            "sellingGeneralAndAdministrative": "769000000",
            "researchAndDevelopment": "None",
            "operatingExpenses": "1099000000",
            "investmentIncomeNet": "None",
            "netInterestIncome": "-57000000",
            "interestIncome": "57000000",
            "interestExpense": "57000000",
            "nonInterestIncome": "4590000000",
            "otherNonOperatingIncome": "0",
            "depreciation": "None",
            "depreciationAndAmortization": "None",
            "incomeBeforeTax": "1036000000",
            "incomeTaxExpense": "259000000",
            "interestAndDebtExpense": "57000000",
            "netIncomeFromContinuingOperations": "777000000",
            "comprehensiveIncomeNetOfTax": "1664000000",
            "ebit": "1093000000",
            "ebitda": "1093000000",
            "netIncome": "777000000"
        },
        {
            "fiscalDateEnding": "2019-06-30",
            "reportedCurrency": "USD",
            "grossProfit": "-1476000000",
            "totalRevenue": "5511000000",
            "costOfRevenue": "6987000000",
            "costofGoodsAndServicesSold": "3602000000",
            "operatingIncome": "1143000000",
            "sellingGeneralAndAdministrative": "743000000",
            "researchAndDevelopment": "None",
            "operatingExpenses": "1072000000",
            "investmentIncomeNet": "None",
            "netInterestIncome": "-57000000",
            "interestIncome": "57000000",
            "interestExpense": "57000000",
            "nonInterestIncome": "4803000000",
            "otherNonOperatingIncome": "0",
            "depreciation": "None",
            "depreciationAndAmortization": "None",
            "incomeBeforeTax": "1109000000",
            "incomeTaxExpense": "292000000",
            "interestAndDebtExpense": "57000000",
            "netIncomeFromContinuingOperations": "817000000",
            "comprehensiveIncomeNetOfTax": "2700000000",
            "ebit": "1166000000",
            "ebitda": "1166000000",
            "netIncome": "817000000"
        },
        {
            "fiscalDateEnding": "2019-03-31",
            "reportedCurrency": "USD",
            "grossProfit": "-1341000000",
            "totalRevenue": "5657000000",
            "costOfRevenue": "6998000000",
            "costofGoodsAndServicesSold": "3638000000",
            "operatingIncome": "1139000000",
            "sellingGeneralAndAdministrative": "719000000",
            "researchAndDevelopment": "None",
            "operatingExpenses": "1050000000",
            "investmentIncomeNet": "None",
            "netInterestIncome": "-58000000",
            "interestIncome": "None",
            "interestExpense": "58000000",
            "nonInterestIncome": "4691000000",
            "otherNonOperatingIncome": "0",
            "depreciation": "None",
            "depreciationAndAmortization": "None",
            "incomeBeforeTax": "1242000000",
            "incomeTaxExpense": "314000000",
            "interestAndDebtExpense": "58000000",
            "netIncomeFromContinuingOperations": "928000000",
            "comprehensiveIncomeNetOfTax": "3258000000",
            "ebit": "1300000000",
            "ebitda": "1300000000",
            "netIncome": "928000000"
        },
        {
            "fiscalDateEnding": "2018-12-31",
            "reportedCurrency": "USD",
            "grossProfit": "5126000000",
            "totalRevenue": "5126000000",
            "costOfRevenue": "7012000000",
            "costofGoodsAndServicesSold": "3551000000",
            "operatingIncome": "1045000000",
            "sellingGeneralAndAdministrative": "795000000",
            "researchAndDevelopment": "None",
            "operatingExpenses": "1157000000",
            "investmentIncomeNet": "None",
            "netInterestIncome": "-58000000",
            "interestIncome": "None",
            "interestExpense": "58000000",
            "nonInterestIncome": "4591000000",
            "otherNonOperatingIncome": "-1000000",
            "depreciation": "None",
            "depreciationAndAmortization": "None",
            "incomeBeforeTax": "722000000",
            "incomeTaxExpense": "197000000",
            "interestAndDebtExpense": "58000000",
            "netIncomeFromContinuingOperations": "525000000",
            "comprehensiveIncomeNetOfTax": "767000000",
            "ebit": "780000000",
            "ebitda": "780000000",
            "netIncome": "525000000"
        },
        {
            "fiscalDateEnding": "2018-09-30",
            "reportedCurrency": "USD",
            "grossProfit": "-1479000000",
            "totalRevenue": "5577000000",
            "costOfRevenue": "7056000000",
            "costofGoodsAndServicesSold": "3648000000",
            "operatingIncome": "1061000000",
            "sellingGeneralAndAdministrative": "730000000",
            "researchAndDevelopment": "None",
            "operatingExpenses": "1061000000",
            "investmentIncomeNet": "None",
            "netInterestIncome": "-53000000",
            "interestIncome": "None",
            "interestExpense": "53000000",
            "nonInterestIncome": "4474000000",
            "otherNonOperatingIncome": "-3000000",
            "depreciation": "None",
            "depreciationAndAmortization": "None",
            "incomeBeforeTax": "1146000000",
            "incomeTaxExpense": "301000000",
            "interestAndDebtExpense": "53000000",
            "netIncomeFromContinuingOperations": "845000000",
            "comprehensiveIncomeNetOfTax": "-98000000",
            "ebit": "1199000000",
            "ebitda": "1199000000",
            "netIncome": "845000000"
        },
        {
            "fiscalDateEnding": "2018-06-30",
            "reportedCurrency": "USD",
            "grossProfit": "-1515000000",
            "totalRevenue": "5589000000",
            "costOfRevenue": "7104000000",
            "costofGoodsAndServicesSold": "3672000000",
            "operatingIncome": "1138000000",
            "sellingGeneralAndAdministrative": "732000000",
            "researchAndDevelopment": "None",
            "operatingExpenses": "1070000000",
            "investmentIncomeNet": "None",
            "netInterestIncome": "-54000000",
            "interestIncome": "None",
            "interestExpense": "54000000",
            "nonInterestIncome": "4534000000",
            "otherNonOperatingIncome": "-42000000",
            "depreciation": "None",
            "depreciationAndAmortization": "None",
            "incomeBeforeTax": "1131000000",
            "incomeTaxExpense": "299000000",
            "interestAndDebtExpense": "54000000",
            "netIncomeFromContinuingOperations": "832000000",
            "comprehensiveIncomeNetOfTax": "-1000000",
            "ebit": "1185000000",
            "ebitda": "1185000000",
            "netIncome": "832000000"
        },
        {
            "fiscalDateEnding": "2018-03-31",
            "reportedCurrency": "USD",
            "grossProfit": "-1667000000",
            "totalRevenue": "5464000000",
            "costOfRevenue": "7131000000",
            "costofGoodsAndServicesSold": "4397000000",
            "operatingIncome": "1109000000",
            "sellingGeneralAndAdministrative": "733000000",
            "researchAndDevelopment": "None",
            "operatingExpenses": "1070000000",
            "investmentIncomeNet": "None",
            "netInterestIncome": "-56000000",
            "interestIncome": "None",
            "interestExpense": "56000000",
            "nonInterestIncome": "4661000000",
            "otherNonOperatingIncome": "-29000000",
            "depreciation": "None",
            "depreciationAndAmortization": "None",
            "incomeBeforeTax": "982000000",
            "incomeTaxExpense": "265000000",
            "interestAndDebtExpense": "56000000",
            "netIncomeFromContinuingOperations": "717000000",
            "comprehensiveIncomeNetOfTax": "374000000",
            "ebit": "1038000000",
            "ebitda": "1038000000",
            "netIncome": "717000000"
        }
    ]
}