{
    "symbol": "CMG",
    "annualReports": [
        {
            "fiscalDateEnding": "2022-12-31",
            "reportedCurrency": "USD",
            "grossProfit": "2972920000",
            "totalRevenue": "8634652000",
            "costOfRevenue": "5661732000",
            "costofGoodsAndServicesSold": "4800203000",
            "operatingIncome": "1160403000",
            "sellingGeneralAndAdministrative": "814864000",
            "researchAndDevelopment": "None",
            "operatingExpenses": "2172674000",
            "investmentIncomeNet": "None",
            "netInterestIncome": "21128000",
            "interestIncome": "21128000",
            "interestExpense": "21128000",
            "nonInterestIncome": "None",
            "otherNonOperatingIncome": "21128000",
            "depreciation": "None",
            "depreciationAndAmortization": "286826000",
            "incomeBeforeTax": "1181531000",
            "incomeTaxExpense": "282430000",
            "interestAndDebtExpense": "None",
            "netIncomeFromContinuingOperations": "1181531000",
            "comprehensiveIncomeNetOfTax": "896567000",
            "ebit": "1160403000",
            "ebitda": "1489485000",
            "netIncome": "899101000"
        },
        {
            "fiscalDateEnding": "2021-12-31",
            "reportedCurrency": "USD",
            "grossProfit": "2459968000",
            "totalRevenue": "7547061000",
            "costOfRevenue": "5087093000",
            "costofGoodsAndServicesSold": "4226392000",
            "operatingIncome": "804943000",
            "sellingGeneralAndAdministrative": "828945000",
            "researchAndDevelopment": "None",
            "operatingExpenses": "2058248000",
            "investmentIncomeNet": "None",
            "netInterestIncome": "7820000",
            "interestIncome": "7820000",
            "interestExpense": "None",
            "nonInterestIncome": "None",
            "otherNonOperatingIncome": "7820000",
            "depreciation": "None",
            "depreciationAndAmortization": "254657000",
            "incomeBeforeTax": "812763000",
            "incomeTaxExpense": "159779000",
            "interestAndDebtExpense": "None",
            "netIncomeFromContinuingOperations": "812763000",
            "comprehensiveIncomeNetOfTax": "651859000",
            "ebit": "804943000",
            "ebitda": "1067420000",
            "netIncome": "652984000"
        },
        {
            "fiscalDateEnding": "2020-12-31",
            "reportedCurrency": "USD",
            "grossProfit": "1781554000",
            "totalRevenue": "5984634000",
            "costOfRevenue": "4203080000",
            "costofGoodsAndServicesSold": "3525779000",
            "operatingIncome": "290164000",
            "sellingGeneralAndAdministrative": "624861000",
            "researchAndDevelopment": "None",
            "operatingExpenses": "1707477000",
            "investmentIncomeNet": "None",
            "netInterestIncome": "3617000",
            "interestIncome": "3617000",
            "interestExpense": "None",
            "nonInterestIncome": "None",
            "otherNonOperatingIncome": "3617000",
            "depreciation": "None",
            "depreciationAndAmortization": "423072000",
            "incomeBeforeTax": "293781000",
            "incomeTaxExpense": "-61985000",
            "interestAndDebtExpense": "None",
            "netIncomeFromContinuingOperations": "231796000",
            "comprehensiveIncomeNetOfTax": "356900000",
            "ebit": "290164000",
            "ebitda": "716853000",
            "netIncome": "355766000"
        },
        {
            "fiscalDateEnding": "2019-12-31",
            "reportedCurrency": "USD",
            "grossProfit": "1644426000",
            "totalRevenue": "5586369000",
            "costOfRevenue": "3941943000",
            "costofGoodsAndServicesSold": "3319976000",
            "operatingIncome": "443958000",
            "sellingGeneralAndAdministrative": "593119000",
            "researchAndDevelopment": "None",
            "operatingExpenses": "1382831000",
            "investmentIncomeNet": "None",
            "netInterestIncome": "14327000",
            "interestIncome": "14327000",
            "interestExpense": "None",
            "nonInterestIncome": "None",
            "otherNonOperatingIncome": "14327000",
            "depreciation": "None",
            "depreciationAndAmortization": "376730000",
            "incomeBeforeTax": "458285000",
            "incomeTaxExpense": "108127000",
            "interestAndDebtExpense": "None",
            "netIncomeFromContinuingOperations": "350158000",
            "comprehensiveIncomeNetOfTax": "351031000",
            "ebit": "443958000",
            "ebitda": "835015000",
            "netIncome": "350158000"
        },
        {
            "fiscalDateEnding": "2018-12-31",
            "reportedCurrency": "USD",
            "grossProfit": "1442445000",
            "totalRevenue": "4864985000",
            "costOfRevenue": "3422540000",
            "costofGoodsAndServicesSold": "2926839000",
            "operatingIncome": "258368000",
            "sellingGeneralAndAdministrative": "487155000",
            "researchAndDevelopment": "None",
            "operatingExpenses": "1175857000",
            "investmentIncomeNet": "None",
            "netInterestIncome": "10068000",
            "interestIncome": "10068000",
            "interestExpense": "None",
            "nonInterestIncome": "None",
            "otherNonOperatingIncome": "10068000",
            "depreciation": "None",
            "depreciationAndAmortization": "201979000",
            "incomeBeforeTax": "84670000",
            "incomeTaxExpense": "-91883000",
            "interestAndDebtExpense": "None",
            "netIncomeFromContinuingOperations": "176553000",
            "comprehensiveIncomeNetOfTax": "173976000",
            "ebit": "258368000",
            "ebitda": "470415000",
            "netIncome": "176553000"
        }
    ],
    "quarterlyReports": [
        {
            "fiscalDateEnding": "2022-12-31",
            "reportedCurrency": "USD",
            "grossProfit": "583023000",
            "totalRevenue": "2180599000",
            "costOfRevenue": "1597576000",
            "costofGoodsAndServicesSold": "1197765000",
            "operatingIncome": "296331000",
            "sellingGeneralAndAdministrative": "385746000",
            "researchAndDevelopment": "None",
            "operatingExpenses": "741664000",
            "investmentIncomeNet": "None",
            "netInterestIncome": "7057000",
            "interestIncome": "7057000",
            "interestExpense": "7057000",
            "nonInterestIncome": "None",
            "otherNonOperatingIncome": "7057000",
            "depreciation": "None",
            "depreciationAndAmortization": "74012000",
            "incomeBeforeTax": "303388000",
            "incomeTaxExpense": "79661000",
            "interestAndDebtExpense": "None",
            "netIncomeFromContinuingOperations": "506157000",
            "comprehensiveIncomeNetOfTax": "224735000",
            "ebit": "296331000",
            "ebitda": "384457000",
            "netIncome": "223727000"
        },
        {
            "fiscalDateEnding": "2022-09-30",
            "reportedCurrency": "USD",
            "grossProfit": "845133000",
            "totalRevenue": "2220175000",
            "costOfRevenue": "1375042000",
            "costofGoodsAndServicesSold": "1219718000",
            "operatingIncome": "336253000",
            "sellingGeneralAndAdministrative": "140896000",
            "researchAndDevelopment": "None",
            "operatingExpenses": "477409000",
            "investmentIncomeNet": "None",
            "netInterestIncome": "3712000",
            "interestIncome": "3712000",
            "interestExpense": "3712000",
            "nonInterestIncome": "None",
            "otherNonOperatingIncome": "3712000",
            "depreciation": "None",
            "depreciationAndAmortization": "71416000",
            "incomeBeforeTax": "339965000",
            "incomeTaxExpense": "82827000",
            "interestAndDebtExpense": "None",
            "netIncomeFromContinuingOperations": "257138000",
            "comprehensiveIncomeNetOfTax": "254881000",
            "ebit": "336253000",
            "ebitda": "415093000",
            "netIncome": "257138000"
        },
        {
            "fiscalDateEnding": "2022-06-30",
            "reportedCurrency": "USD",
            "grossProfit": "842869000",
            "totalRevenue": "2213339000",
            "costOfRevenue": "1370470000",
            "costofGoodsAndServicesSold": "1223854000",
            "operatingIncome": "337598000",
            "sellingGeneralAndAdministrative": "140820000",
            "researchAndDevelopment": "None",
            "operatingExpenses": "464097000",
            "investmentIncomeNet": "None",
            "netInterestIncome": "10572000",
            "interestIncome": "10572000",
            "interestExpense": "10572000",
            "nonInterestIncome": "None",
            "otherNonOperatingIncome": "10572000",
            "depreciation": "None",
            "depreciationAndAmortization": "69733000",
            "incomeBeforeTax": "348170000",
            "incomeTaxExpense": "88228000",
            "interestAndDebtExpense": "None",
            "netIncomeFromContinuingOperations": "259942000",
            "comprehensiveIncomeNetOfTax": "258462000",
            "ebit": "337598000",
            "ebitda": "428475000",
            "netIncome": "259942000"
        },
        {
            "fiscalDateEnding": "2022-03-31",
            "reportedCurrency": "USD",
            "grossProfit": "701895000",
            "totalRevenue": "2020539000",
            "costOfRevenue": "1318644000",
            "costofGoodsAndServicesSold": "1158866000",
            "operatingIncome": "190221000",
            "sellingGeneralAndAdministrative": "147402000",
            "researchAndDevelopment": "None",
            "operatingExpenses": "489555000",
            "investmentIncomeNet": "None",
            "netInterestIncome": "-213000",
            "interestIncome": "213000",
            "interestExpense": "213000",
            "nonInterestIncome": "None",
            "otherNonOperatingIncome": "-213000",
            "depreciation": "None",
            "depreciationAndAmortization": "71665000",
            "incomeBeforeTax": "190008000",
            "incomeTaxExpense": "31714000",
            "interestAndDebtExpense": "None",
            "netIncomeFromContinuingOperations": "158294000",
            "comprehensiveIncomeNetOfTax": "158489000",
            "ebit": "190221000",
            "ebitda": "261460000",
            "netIncome": "158294000"
        },
        {
            "fiscalDateEnding": "2021-12-31",
            "reportedCurrency": "USD",
            "grossProfit": "429798000",
            "totalRevenue": "1960633000",
            "costOfRevenue": "1530835000",
            "costofGoodsAndServicesSold": "1136979000",
            "operatingIncome": "158296000",
            "sellingGeneralAndAdministrative": "381868000",
            "researchAndDevelopment": "None",
            "operatingExpenses": "714068000",
            "investmentIncomeNet": "None",
            "netInterestIncome": "9263000",
            "interestIncome": "9263000",
            "interestExpense": "None",
            "nonInterestIncome": "None",
            "otherNonOperatingIncome": "9263000",
            "depreciation": "None",
            "depreciationAndAmortization": "66262000",
            "incomeBeforeTax": "167559000",
            "incomeTaxExpense": "34084000",
            "interestAndDebtExpense": "None",
            "netIncomeFromContinuingOperations": "293254000",
            "comprehensiveIncomeNetOfTax": "133264000",
            "ebit": "158296000",
            "ebitda": "233821000",
            "netIncome": "133475000"
        },
        {
            "fiscalDateEnding": "2021-09-30",
            "reportedCurrency": "USD",
            "grossProfit": "706121000",
            "totalRevenue": "1952315000",
            "costOfRevenue": "1246194000",
            "costofGoodsAndServicesSold": "1094089000",
            "operatingIncome": "239680000",
            "sellingGeneralAndAdministrative": "145930000",
            "researchAndDevelopment": "None",
            "operatingExpenses": "446755000",
            "investmentIncomeNet": "None",
            "netInterestIncome": "-126000",
            "interestIncome": "126000",
            "interestExpense": "126000",
            "nonInterestIncome": "None",
            "otherNonOperatingIncome": "-126000",
            "depreciation": "None",
            "depreciationAndAmortization": "-42294000",
            "incomeBeforeTax": "239554000",
            "incomeTaxExpense": "35120000",
            "interestAndDebtExpense": "None",
            "netIncomeFromContinuingOperations": "204434000",
            "comprehensiveIncomeNetOfTax": "203478000",
            "ebit": "239680000",
            "ebitda": "197386000",
            "netIncome": "204434000"
        },
        {
            "fiscalDateEnding": "2021-06-30",
            "reportedCurrency": "USD",
            "grossProfit": "701594000",
            "totalRevenue": "1892538000",
            "costOfRevenue": "1190944000",
            "costofGoodsAndServicesSold": "1038984000",
            "operatingIncome": "245525000",
            "sellingGeneralAndAdministrative": "146044000",
            "researchAndDevelopment": "None",
            "operatingExpenses": "439202000",
            "investmentIncomeNet": "None",
            "netInterestIncome": "851000",
            "interestIncome": "851000",
            "interestExpense": "None",
            "nonInterestIncome": "None",
            "otherNonOperatingIncome": "851000",
            "depreciation": "None",
            "depreciationAndAmortization": "118298000",
            "incomeBeforeTax": "246376000",
            "incomeTaxExpense": "58402000",
            "interestAndDebtExpense": "None",
            "netIncomeFromContinuingOperations": "187974000",
            "comprehensiveIncomeNetOfTax": "188279000",
            "ebit": "245525000",
            "ebitda": "364674000",
            "netIncome": "187974000"
        },
        {
            "fiscalDateEnding": "2021-03-31",
            "reportedCurrency": "USD",
            "grossProfit": "622455000",
            "totalRevenue": "1741575000",
            "costOfRevenue": "1119120000",
            "costofGoodsAndServicesSold": "956340000",
            "operatingIncome": "161442000",
            "sellingGeneralAndAdministrative": "155103000",
            "researchAndDevelopment": "None",
            "operatingExpenses": "457215000",
            "investmentIncomeNet": "None",
            "netInterestIncome": "-2168000",
            "interestIncome": "2168000",
            "interestExpense": "2168000",
            "nonInterestIncome": "None",
            "otherNonOperatingIncome": "-2168000",
            "depreciation": "None",
            "depreciationAndAmortization": "112391000",
            "incomeBeforeTax": "159274000",
            "incomeTaxExpense": "32173000",
            "interestAndDebtExpense": "None",
            "netIncomeFromContinuingOperations": "127101000",
            "comprehensiveIncomeNetOfTax": "126838000",
            "ebit": "161442000",
            "ebitda": "273833000",
            "netIncome": "127101000"
        },
        {
            "fiscalDateEnding": "2020-12-31",
            "reportedCurrency": "USD",
            "grossProfit": "1607710000",
            "totalRevenue": "1607710000",
            "costOfRevenue": "1214636000",
            "costofGoodsAndServicesSold": "906814000",
            "operatingIncome": "116886000",
            "sellingGeneralAndAdministrative": "282594000",
            "researchAndDevelopment": "None",
            "operatingExpenses": "596585000",
            "investmentIncomeNet": "None",
            "netInterestIncome": "846000",
            "interestIncome": "846000",
            "interestExpense": "None",
            "nonInterestIncome": "None",
            "otherNonOperatingIncome": "846000",
            "depreciation": "None",
            "depreciationAndAmortization": "108442000",
            "incomeBeforeTax": "117732000",
            "incomeTaxExpense": "-73227000",
            "interestAndDebtExpense": "None",
            "netIncomeFromContinuingOperations": "116886000",
            "comprehensiveIncomeNetOfTax": "192174000",
            "ebit": "116886000",
            "ebitda": "226174000",
            "netIncome": "190959000"
        },
        {
            "fiscalDateEnding": "2020-09-30",
            "reportedCurrency": "USD",
            "grossProfit": "539600000",
            "totalRevenue": "1601414000",
            "costOfRevenue": "1061814000",
            "costofGoodsAndServicesSold": "923079000",
            "operatingIncome": "107096000",
            "sellingGeneralAndAdministrative": "133150000",
            "researchAndDevelopment": "None",
            "operatingExpenses": "407151000",
            "investmentIncomeNet": "None",
            "netInterestIncome": "-595000",
            "interestIncome": "595000",
            "interestExpense": "595000",
            "nonInterestIncome": "None",
            "otherNonOperatingIncome": "-595000",
            "depreciation": "None",
            "depreciationAndAmortization": "108093000",
            "incomeBeforeTax": "106501000",
            "incomeTaxExpense": "26257000",
            "interestAndDebtExpense": "None",
            "netIncomeFromContinuingOperations": "80244000",
            "comprehensiveIncomeNetOfTax": "80949000",
            "ebit": "107096000",
            "ebitda": "215189000",
            "netIncome": "80244000"
        },
        {
            "fiscalDateEnding": "2020-06-30",
            "reportedCurrency": "USD",
            "grossProfit": "406015000",
            "totalRevenue": "1364738000",
            "costOfRevenue": "958723000",
            "costofGoodsAndServicesSold": "840022000",
            "operatingIncome": "-4939000",
            "sellingGeneralAndAdministrative": "102647000",
            "researchAndDevelopment": "None",
            "operatingExpenses": "381079000",
            "investmentIncomeNet": "None",
            "netInterestIncome": "623000",
            "interestIncome": "623000",
            "interestExpense": "None",
            "nonInterestIncome": "None",
            "otherNonOperatingIncome": "623000",
            "depreciation": "None",
            "depreciationAndAmortization": "105202000",
            "incomeBeforeTax": "-4316000",
            "incomeTaxExpense": "-12491000",
            "interestAndDebtExpense": "None",
            "netIncomeFromContinuingOperations": "8175000",
            "comprehensiveIncomeNetOfTax": "9230000",
            "ebit": "-4939000",
            "ebitda": "100886000",
            "netIncome": "8175000"
        },
        {
            "fiscalDateEnding": "2020-03-31",
            "reportedCurrency": "USD",
            "grossProfit": "442865000",
            "totalRevenue": "1410772000",
            "costOfRevenue": "967907000",
            "costofGoodsAndServicesSold": "855864000",
            "operatingIncome": "71121000",
            "sellingGeneralAndAdministrative": "106470000",
            "researchAndDevelopment": "None",
            "operatingExpenses": "322715000",
            "investmentIncomeNet": "None",
            "netInterestIncome": "2743000",
            "interestIncome": "2743000",
            "interestExpense": "None",
            "nonInterestIncome": "None",
            "otherNonOperatingIncome": "2743000",
            "depreciation": "None",
            "depreciationAndAmortization": "101335000",
            "incomeBeforeTax": "73864000",
            "incomeTaxExpense": "-2524000",
            "interestAndDebtExpense": "None",
            "netIncomeFromContinuingOperations": "76388000",
            "comprehensiveIncomeNetOfTax": "74547000",
            "ebit": "71121000",
            "ebitda": "175199000",
            "netIncome": "76388000"
        },
        {
            "fiscalDateEnding": "2019-12-31",
            "reportedCurrency": "USD",
            "grossProfit": "1436469000",
            "totalRevenue": "1440224000",
            "costOfRevenue": "3755000",
            "costofGoodsAndServicesSold": "858289000",
            "operatingIncome": "98156000",
            "sellingGeneralAndAdministrative": "253983000",
            "researchAndDevelopment": "None",
            "operatingExpenses": "3755000",
            "investmentIncomeNet": "None",
            "netInterestIncome": "2840000",
            "interestIncome": "2840000",
            "interestExpense": "None",
            "nonInterestIncome": "None",
            "otherNonOperatingIncome": "2840000",
            "depreciation": "None",
            "depreciationAndAmortization": "101479000",
            "incomeBeforeTax": "100996000",
            "incomeTaxExpense": "28580000",
            "interestAndDebtExpense": "None",
            "netIncomeFromContinuingOperations": "98156000",
            "comprehensiveIncomeNetOfTax": "72940000",
            "ebit": "98156000",
            "ebitda": "202475000",
            "netIncome": "72416000"
        },
        {
            "fiscalDateEnding": "2019-09-30",
            "reportedCurrency": "USD",
            "grossProfit": "444590000",
            "totalRevenue": "1403697000",
            "costOfRevenue": "959107000",
            "costofGoodsAndServicesSold": "840141000",
            "operatingIncome": "115621000",
            "sellingGeneralAndAdministrative": "115070000",
            "researchAndDevelopment": "None",
            "operatingExpenses": "299225000",
            "investmentIncomeNet": "None",
            "netInterestIncome": "4411000",
            "interestIncome": "4411000",
            "interestExpense": "None",
            "nonInterestIncome": "None",
            "otherNonOperatingIncome": "4411000",
            "depreciation": "None",
            "depreciationAndAmortization": "92390000",
            "incomeBeforeTax": "120032000",
            "incomeTaxExpense": "21450000",
            "interestAndDebtExpense": "None",
            "netIncomeFromContinuingOperations": "98582000",
            "comprehensiveIncomeNetOfTax": "97956000",
            "ebit": "115621000",
            "ebitda": "212422000",
            "netIncome": "98582000"
        },
        {
            "fiscalDateEnding": "2019-06-30",
            "reportedCurrency": "USD",
            "grossProfit": "439438000",
            "totalRevenue": "1434231000",
            "costOfRevenue": "994793000",
            "costofGoodsAndServicesSold": "851337000",
            "operatingIncome": "120020000",
            "sellingGeneralAndAdministrative": "121395000",
            "researchAndDevelopment": "None",
            "operatingExpenses": "336765000",
            "investmentIncomeNet": "None",
            "netInterestIncome": "3947000",
            "interestIncome": "3947000",
            "interestExpense": "None",
            "nonInterestIncome": "None",
            "otherNonOperatingIncome": "3947000",
            "depreciation": "None",
            "depreciationAndAmortization": "90975000",
            "incomeBeforeTax": "123967000",
            "incomeTaxExpense": "32939000",
            "interestAndDebtExpense": "None",
            "netIncomeFromContinuingOperations": "91028000",
            "comprehensiveIncomeNetOfTax": "91625000",
            "ebit": "120020000",
            "ebitda": "214942000",
            "netIncome": "91028000"
        },
        {
            "fiscalDateEnding": "2019-03-31",
            "reportedCurrency": "USD",
            "grossProfit": "434397000",
            "totalRevenue": "1308217000",
            "costOfRevenue": "873820000",
            "costofGoodsAndServicesSold": "770209000",
            "operatingIncome": "110161000",
            "sellingGeneralAndAdministrative": "102671000",
            "researchAndDevelopment": "None",
            "operatingExpenses": "278560000",
            "investmentIncomeNet": "None",
            "netInterestIncome": "3129000",
            "interestIncome": "None",
            "interestExpense": "None",
            "nonInterestIncome": "None",
            "otherNonOperatingIncome": "3129000",
            "depreciation": "None",
            "depreciationAndAmortization": "91886000",
            "incomeBeforeTax": "113290000",
            "incomeTaxExpense": "25158000",
            "interestAndDebtExpense": "None",
            "netIncomeFromContinuingOperations": "88132000",
            "comprehensiveIncomeNetOfTax": "88510000",
            "ebit": "110161000",
            "ebitda": "205176000",
            "netIncome": "88132000"
        },
        {
            "fiscalDateEnding": "2018-12-31",
            "reportedCurrency": "USD",
            "grossProfit": "1225061000",
            "totalRevenue": "1225061000",
            "costOfRevenue": "896881000",
            "costofGoodsAndServicesSold": "739045000",
            "operatingIncome": "39612000",
            "sellingGeneralAndAdministrative": "215415000",
            "researchAndDevelopment": "None",
            "operatingExpenses": "347148000",
            "investmentIncomeNet": "None",
            "netInterestIncome": "None",
            "interestIncome": "None",
            "interestExpense": "None",
            "nonInterestIncome": "None",
            "otherNonOperatingIncome": "3858000",
            "depreciation": "None",
            "depreciationAndAmortization": "53217000",
            "incomeBeforeTax": "-140296000",
            "incomeTaxExpense": "-172315000",
            "interestAndDebtExpense": "None",
            "netIncomeFromContinuingOperations": "39612000",
            "comprehensiveIncomeNetOfTax": "30638000",
            "ebit": "39612000",
            "ebitda": "96687000",
            "netIncome": "32019000"
        },
        {
            "fiscalDateEnding": "2018-09-30",
            "reportedCurrency": "USD",
            "grossProfit": "359365000",
            "totalRevenue": "1225007000",
            "costOfRevenue": "865642000",
            "costofGoodsAndServicesSold": "742078000",
            "operatingIncome": "57991000",
            "sellingGeneralAndAdministrative": "109524000",
            "researchAndDevelopment": "None",
            "operatingExpenses": "291052000",
            "investmentIncomeNet": "None",
            "netInterestIncome": "None",
            "interestIncome": "None",
            "interestExpense": "None",
            "nonInterestIncome": "None",
            "otherNonOperatingIncome": "2493000",
            "depreciation": "None",
            "depreciationAndAmortization": "52654000",
            "incomeBeforeTax": "60484000",
            "incomeTaxExpense": "22280000",
            "interestAndDebtExpense": "None",
            "netIncomeFromContinuingOperations": "38204000",
            "comprehensiveIncomeNetOfTax": "38475000",
            "ebit": "57991000",
            "ebitda": "113138000",
            "netIncome": "38204000"
        },
        {
            "fiscalDateEnding": "2018-06-30",
            "reportedCurrency": "USD",
            "grossProfit": "380153000",
            "totalRevenue": "1266520000",
            "costOfRevenue": "886367000",
            "costofGoodsAndServicesSold": "754938000",
            "operatingIncome": "67957000",
            "sellingGeneralAndAdministrative": "85153000",
            "researchAndDevelopment": "None",
            "operatingExpenses": "306600000",
            "investmentIncomeNet": "None",
            "netInterestIncome": "None",
            "interestIncome": "None",
            "interestExpense": "None",
            "nonInterestIncome": "None",
            "otherNonOperatingIncome": "2323000",
            "depreciation": "None",
            "depreciationAndAmortization": "49193000",
            "incomeBeforeTax": "70280000",
            "incomeTaxExpense": "23396000",
            "interestAndDebtExpense": "None",
            "netIncomeFromContinuingOperations": "46884000",
            "comprehensiveIncomeNetOfTax": "45386000",
            "ebit": "67957000",
            "ebitda": "119473000",
            "netIncome": "46884000"
        },
        {
            "fiscalDateEnding": "2018-03-31",
            "reportedCurrency": "USD",
            "grossProfit": "377907000",
            "totalRevenue": "1148397000",
            "costOfRevenue": "770490000",
            "costofGoodsAndServicesSold": "690778000",
            "operatingIncome": "92808000",
            "sellingGeneralAndAdministrative": "77063000",
            "researchAndDevelopment": "None",
            "operatingExpenses": "227781000",
            "investmentIncomeNet": "None",
            "netInterestIncome": "None",
            "interestIncome": "None",
            "interestExpense": "None",
            "nonInterestIncome": "None",
            "otherNonOperatingIncome": "1394000",
            "depreciation": "None",
            "depreciationAndAmortization": "46915000",
            "incomeBeforeTax": "94202000",
            "incomeTaxExpense": "34756000",
            "interestAndDebtExpense": "None",
            "netIncomeFromContinuingOperations": "59446000",
            "comprehensiveIncomeNetOfTax": "59477000",
            "ebit": "92808000",
            "ebitda": "141117000",
            "netIncome": "59446000"
        }
    ]
}