{
    "symbol": "DRI",
    "annualReports": [
        {
            "fiscalDateEnding": "2022-05-29",
            "reportedCurrency": "USD",
            "grossProfit": "1901800000",
            "totalRevenue": "9585300000",
            "costOfRevenue": "3611600000",
            "costofGoodsAndServicesSold": "3108800000",
            "operatingIncome": "1162200000",
            "sellingGeneralAndAdministrative": "466400000",
            "researchAndDevelopment": "None",
            "operatingExpenses": "504900000",
            "investmentIncomeNet": "None",
            "netInterestIncome": "-40900000",
            "interestIncome": "1900000",
            "interestExpense": "40900000",
            "nonInterestIncome": "9624300000",
            "otherNonOperatingIncome": "0",
            "depreciation": "None",
            "depreciationAndAmortization": "29600000",
            "incomeBeforeTax": "1091600000",
            "incomeTaxExpense": "138800000",
            "interestAndDebtExpense": "40900000",
            "netIncomeFromContinuingOperations": "954700000",
            "comprehensiveIncomeNetOfTax": "946700000",
            "ebit": "1132500000",
            "ebitda": "1162100000",
            "netIncome": "952800000"
        },
        {
            "fiscalDateEnding": "2021-05-30",
            "reportedCurrency": "USD",
            "grossProfit": "1402400000",
            "totalRevenue": "7181100000",
            "costOfRevenue": "2793300000",
            "costofGoodsAndServicesSold": "2286300000",
            "operatingIncome": "648700000",
            "sellingGeneralAndAdministrative": "487300000",
            "researchAndDevelopment": "None",
            "operatingExpenses": "509600000",
            "investmentIncomeNet": "None",
            "netInterestIncome": "-47500000",
            "interestIncome": "63500000",
            "interestExpense": "47500000",
            "nonInterestIncome": "7226900000",
            "otherNonOperatingIncome": "-8700000",
            "depreciation": "None",
            "depreciationAndAmortization": "14400000",
            "incomeBeforeTax": "573400000",
            "incomeTaxExpense": "-55900000",
            "interestAndDebtExpense": "47500000",
            "netIncomeFromContinuingOperations": "632400000",
            "comprehensiveIncomeNetOfTax": "651100000",
            "ebit": "620900000",
            "ebitda": "635300000",
            "netIncome": "629300000"
        },
        {
            "fiscalDateEnding": "2020-05-31",
            "reportedCurrency": "USD",
            "grossProfit": "1170400000",
            "totalRevenue": "7748300000",
            "costOfRevenue": "3363700000",
            "costofGoodsAndServicesSold": "2682600000",
            "operatingIncome": "47900000",
            "sellingGeneralAndAdministrative": "614400000",
            "researchAndDevelopment": "None",
            "operatingExpenses": "683500000",
            "investmentIncomeNet": "None",
            "netInterestIncome": "-49300000",
            "interestIncome": "4900000",
            "interestExpense": "49300000",
            "nonInterestIncome": "7792700000",
            "otherNonOperatingIncome": "-151600000",
            "depreciation": "None",
            "depreciationAndAmortization": "8900000",
            "incomeBeforeTax": "-164200000",
            "incomeTaxExpense": "-111800000",
            "interestAndDebtExpense": "49300000",
            "netIncomeFromContinuingOperations": "-49200000",
            "comprehensiveIncomeNetOfTax": "28200000",
            "ebit": "-114900000",
            "ebitda": "-106000000",
            "netIncome": "-52400000"
        },
        {
            "fiscalDateEnding": "2019-05-26",
            "reportedCurrency": "USD",
            "grossProfit": "1593700000",
            "totalRevenue": "8491100000",
            "costOfRevenue": "3451400000",
            "costofGoodsAndServicesSold": "2771100000",
            "operatingIncome": "832500000",
            "sellingGeneralAndAdministrative": "660800000",
            "researchAndDevelopment": "None",
            "operatingExpenses": "683900000",
            "investmentIncomeNet": "None",
            "netInterestIncome": "-44300000",
            "interestIncome": "3800000",
            "interestExpense": "44300000",
            "nonInterestIncome": "8531600000",
            "otherNonOperatingIncome": "0",
            "depreciation": "None",
            "depreciationAndAmortization": "336700000",
            "incomeBeforeTax": "777100000",
            "incomeTaxExpense": "63700000",
            "interestAndDebtExpense": "44300000",
            "netIncomeFromContinuingOperations": "718600000",
            "comprehensiveIncomeNetOfTax": "700400000",
            "ebit": "821400000",
            "ebitda": "1167800000",
            "netIncome": "713400000"
        },
        {
            "fiscalDateEnding": "2018-05-27",
            "reportedCurrency": "USD",
            "grossProfit": "1493100000",
            "totalRevenue": "7827000000",
            "costOfRevenue": "665500000",
            "costofGoodsAndServicesSold": "2614500000",
            "operatingIncome": "766800000",
            "sellingGeneralAndAdministrative": "662100000",
            "researchAndDevelopment": "None",
            "operatingExpenses": "669600000",
            "investmentIncomeNet": "None",
            "netInterestIncome": "-152400000",
            "interestIncome": "800000",
            "interestExpense": "152400000",
            "nonInterestIncome": "7978600000",
            "otherNonOperatingIncome": "0",
            "depreciation": "None",
            "depreciationAndAmortization": "313100000",
            "incomeBeforeTax": "597900000",
            "incomeTaxExpense": "1900000",
            "interestAndDebtExpense": "254600000",
            "netIncomeFromContinuingOperations": "603800000",
            "comprehensiveIncomeNetOfTax": "573700000",
            "ebit": "750300000",
            "ebitda": "1072900000",
            "netIncome": "596000000"
        }
    ],
    "quarterlyReports": [
        {
            "fiscalDateEnding": "2022-11-27",
            "reportedCurrency": "USD",
            "grossProfit": "411600000",
            "totalRevenue": "2497300000",
            "costOfRevenue": "930000000",
            "costofGoodsAndServicesSold": "808500000",
            "operatingIncome": "233200000",
            "sellingGeneralAndAdministrative": "121500000",
            "researchAndDevelopment": "None",
            "operatingExpenses": "121500000",
            "investmentIncomeNet": "None",
            "netInterestIncome": "-19800000",
            "interestIncome": "19800000",
            "interestExpense": "19800000",
            "nonInterestIncome": "2497300000",
            "otherNonOperatingIncome": "None",
            "depreciation": "None",
            "depreciationAndAmortization": "96800000",
            "incomeBeforeTax": "213100000",
            "incomeTaxExpense": "25900000",
            "interestAndDebtExpense": "None",
            "netIncomeFromContinuingOperations": "187500000",
            "comprehensiveIncomeNetOfTax": "192800000",
            "ebit": "233200000",
            "ebitda": "309900000",
            "netIncome": "187200000"
        },
        {
            "fiscalDateEnding": "2022-08-28",
            "reportedCurrency": "USD",
            "grossProfit": "423200000",
            "totalRevenue": "2445000000",
            "costOfRevenue": "912400000",
            "costofGoodsAndServicesSold": "793800000",
            "operatingIncome": "244200000",
            "sellingGeneralAndAdministrative": "118600000",
            "researchAndDevelopment": "None",
            "operatingExpenses": "118600000",
            "investmentIncomeNet": "None",
            "netInterestIncome": "-19800000",
            "interestIncome": "19800000",
            "interestExpense": "-19800000",
            "nonInterestIncome": "2445000000",
            "otherNonOperatingIncome": "None",
            "depreciation": "None",
            "depreciationAndAmortization": "95600000",
            "incomeBeforeTax": "223800000",
            "incomeTaxExpense": "30800000",
            "interestAndDebtExpense": "None",
            "netIncomeFromContinuingOperations": "193600000",
            "comprehensiveIncomeNetOfTax": "195300000",
            "ebit": "244200000",
            "ebitda": "299600000",
            "netIncome": "193000000"
        },
        {
            "fiscalDateEnding": "2022-05-29",
            "reportedCurrency": "USD",
            "grossProfit": "518200000",
            "totalRevenue": "2553900000",
            "costOfRevenue": "970100000",
            "costofGoodsAndServicesSold": "829300000",
            "operatingIncome": "337500000",
            "sellingGeneralAndAdministrative": "104400000",
            "researchAndDevelopment": "None",
            "operatingExpenses": "142900000",
            "investmentIncomeNet": "None",
            "netInterestIncome": "-18900000",
            "interestIncome": "18900000",
            "interestExpense": "-18900000",
            "nonInterestIncome": "2592900000",
            "otherNonOperatingIncome": "700000",
            "depreciation": "None",
            "depreciationAndAmortization": "93000000",
            "incomeBeforeTax": "319300000",
            "incomeTaxExpense": "37600000",
            "interestAndDebtExpense": "None",
            "netIncomeFromContinuingOperations": "281700000",
            "comprehensiveIncomeNetOfTax": "277800000",
            "ebit": "337500000",
            "ebitda": "393400000",
            "netIncome": "281700000"
        },
        {
            "fiscalDateEnding": "2022-02-27",
            "reportedCurrency": "USD",
            "grossProfit": "474600000",
            "totalRevenue": "2451500000",
            "costOfRevenue": "909000000",
            "costofGoodsAndServicesSold": "798700000",
            "operatingIncome": "301000000",
            "sellingGeneralAndAdministrative": "110300000",
            "researchAndDevelopment": "None",
            "operatingExpenses": "110300000",
            "investmentIncomeNet": "None",
            "netInterestIncome": "-17500000",
            "interestIncome": "17500000",
            "interestExpense": "-17500000",
            "nonInterestIncome": "2451500000",
            "otherNonOperatingIncome": "-200000",
            "depreciation": "None",
            "depreciationAndAmortization": "94300000",
            "incomeBeforeTax": "282400000",
            "incomeTaxExpense": "35400000",
            "interestAndDebtExpense": "None",
            "netIncomeFromContinuingOperations": "247900000",
            "comprehensiveIncomeNetOfTax": "248400000",
            "ebit": "301000000",
            "ebitda": "359200000",
            "netIncome": "247000000"
        },
        {
            "fiscalDateEnding": "2021-11-28",
            "reportedCurrency": "USD",
            "grossProfit": "426400000",
            "totalRevenue": "2268700000",
            "costOfRevenue": "858100000",
            "costofGoodsAndServicesSold": "744800000",
            "operatingIncome": "242600000",
            "sellingGeneralAndAdministrative": "113300000",
            "researchAndDevelopment": "None",
            "operatingExpenses": "113300000",
            "investmentIncomeNet": "None",
            "netInterestIncome": "-16700000",
            "interestIncome": "16700000",
            "interestExpense": "16700000",
            "nonInterestIncome": "2268700000",
            "otherNonOperatingIncome": "-300000",
            "depreciation": "None",
            "depreciationAndAmortization": "92100000",
            "incomeBeforeTax": "225700000",
            "incomeTaxExpense": "32500000",
            "interestAndDebtExpense": "None",
            "netIncomeFromContinuingOperations": "193400000",
            "comprehensiveIncomeNetOfTax": "188000000",
            "ebit": "242600000",
            "ebitda": "301100000",
            "netIncome": "193200000"
        },
        {
            "fiscalDateEnding": "2021-08-29",
            "reportedCurrency": "USD",
            "grossProfit": "482600000",
            "totalRevenue": "2311200000",
            "costOfRevenue": "872700000",
            "costofGoodsAndServicesSold": "736000000",
            "operatingIncome": "280600000",
            "sellingGeneralAndAdministrative": "136700000",
            "researchAndDevelopment": "None",
            "operatingExpenses": "136700000",
            "investmentIncomeNet": "None",
            "netInterestIncome": "-15600000",
            "interestIncome": "15600000",
            "interestExpense": "15600000",
            "nonInterestIncome": "2311200000",
            "otherNonOperatingIncome": "-200000",
            "depreciation": "None",
            "depreciationAndAmortization": "89000000",
            "incomeBeforeTax": "264200000",
            "incomeTaxExpense": "33300000",
            "interestAndDebtExpense": "None",
            "netIncomeFromContinuingOperations": "231700000",
            "comprehensiveIncomeNetOfTax": "232500000",
            "ebit": "280600000",
            "ebitda": "337600000",
            "netIncome": "230900000"
        },
        {
            "fiscalDateEnding": "2021-05-30",
            "reportedCurrency": "USD",
            "grossProfit": "515100000",
            "totalRevenue": "2235400000",
            "costOfRevenue": "832100000",
            "costofGoodsAndServicesSold": "690700000",
            "operatingIncome": "323400000",
            "sellingGeneralAndAdministrative": "121700000",
            "researchAndDevelopment": "None",
            "operatingExpenses": "144000000",
            "investmentIncomeNet": "None",
            "netInterestIncome": "-17100000",
            "interestIncome": "17100000",
            "interestExpense": "17100000",
            "nonInterestIncome": "2281200000",
            "otherNonOperatingIncome": "-300000",
            "depreciation": "None",
            "depreciationAndAmortization": "89100000",
            "incomeBeforeTax": "305500000",
            "incomeTaxExpense": "-63000000",
            "interestAndDebtExpense": "None",
            "netIncomeFromContinuingOperations": "369000000",
            "comprehensiveIncomeNetOfTax": "372000000",
            "ebit": "323400000",
            "ebitda": "377500000",
            "netIncome": "368500000"
        },
        {
            "fiscalDateEnding": "2021-02-28",
            "reportedCurrency": "USD",
            "grossProfit": "318200000",
            "totalRevenue": "1746600000",
            "costOfRevenue": "657500000",
            "costofGoodsAndServicesSold": "559400000",
            "operatingIncome": "148000000",
            "sellingGeneralAndAdministrative": "98100000",
            "researchAndDevelopment": "None",
            "operatingExpenses": "98100000",
            "investmentIncomeNet": "None",
            "netInterestIncome": "-15200000",
            "interestIncome": "15200000",
            "interestExpense": "15200000",
            "nonInterestIncome": "1746600000",
            "otherNonOperatingIncome": "-500000",
            "depreciation": "None",
            "depreciationAndAmortization": "88200000",
            "incomeBeforeTax": "131800000",
            "incomeTaxExpense": "3100000",
            "interestAndDebtExpense": "None",
            "netIncomeFromContinuingOperations": "129200000",
            "comprehensiveIncomeNetOfTax": "136500000",
            "ebit": "148000000",
            "ebitda": "204800000",
            "netIncome": "128700000"
        },
        {
            "fiscalDateEnding": "2020-11-29",
            "reportedCurrency": "USD",
            "grossProfit": "296600000",
            "totalRevenue": "1667100000",
            "costOfRevenue": "644200000",
            "costofGoodsAndServicesSold": "535500000",
            "operatingIncome": "120700000",
            "sellingGeneralAndAdministrative": "108700000",
            "researchAndDevelopment": "None",
            "operatingExpenses": "108700000",
            "investmentIncomeNet": "None",
            "netInterestIncome": "-14600000",
            "interestIncome": "14600000",
            "interestExpense": "14600000",
            "nonInterestIncome": "1667100000",
            "otherNonOperatingIncome": "-400000",
            "depreciation": "None",
            "depreciationAndAmortization": "86000000",
            "incomeBeforeTax": "104800000",
            "incomeTaxExpense": "8800000",
            "interestAndDebtExpense": "None",
            "netIncomeFromContinuingOperations": "96900000",
            "comprehensiveIncomeNetOfTax": "101400000",
            "ebit": "120700000",
            "ebitda": "176200000",
            "netIncome": "96000000"
        },
        {
            "fiscalDateEnding": "2020-08-30",
            "reportedCurrency": "USD",
            "grossProfit": "272500000",
            "totalRevenue": "1532000000",
            "costOfRevenue": "705600000",
            "costofGoodsAndServicesSold": "500700000",
            "operatingIncome": "56600000",
            "sellingGeneralAndAdministrative": "157100000",
            "researchAndDevelopment": "None",
            "operatingExpenses": "204900000",
            "investmentIncomeNet": "None",
            "netInterestIncome": "-16600000",
            "interestIncome": "16600000",
            "interestExpense": "16600000",
            "nonInterestIncome": "1532000000",
            "otherNonOperatingIncome": "-7500000",
            "depreciation": "None",
            "depreciationAndAmortization": "87600000",
            "incomeBeforeTax": "31300000",
            "incomeTaxExpense": "-4800000",
            "interestAndDebtExpense": "None",
            "netIncomeFromContinuingOperations": "37300000",
            "comprehensiveIncomeNetOfTax": "41200000",
            "ebit": "56600000",
            "ebitda": "102300000",
            "netIncome": "36100000"
        },
        {
            "fiscalDateEnding": "2020-05-31",
            "reportedCurrency": "USD",
            "grossProfit": "-20900000",
            "totalRevenue": "1270100000",
            "costOfRevenue": "390000000",
            "costofGoodsAndServicesSold": "532700000",
            "operatingIncome": "-592100000",
            "sellingGeneralAndAdministrative": "118200000",
            "researchAndDevelopment": "None",
            "operatingExpenses": "390000000",
            "investmentIncomeNet": "None",
            "netInterestIncome": "-37800000",
            "interestIncome": "19900000",
            "interestExpense": "37800000",
            "nonInterestIncome": "1270100000",
            "otherNonOperatingIncome": "1700000",
            "depreciation": "None",
            "depreciationAndAmortization": "2800000",
            "incomeBeforeTax": "-610600000",
            "incomeTaxExpense": "-130600000",
            "interestAndDebtExpense": "37800000",
            "netIncomeFromContinuingOperations": "-479700000",
            "comprehensiveIncomeNetOfTax": "-497200000",
            "ebit": "-592100000",
            "ebitda": "-570000000",
            "netIncome": "-480000000"
        },
        {
            "fiscalDateEnding": "2020-02-23",
            "reportedCurrency": "USD",
            "grossProfit": "466400000",
            "totalRevenue": "2344700000",
            "costOfRevenue": "929300000",
            "costofGoodsAndServicesSold": "753800000",
            "operatingIncome": "278300000",
            "sellingGeneralAndAdministrative": "171900000",
            "researchAndDevelopment": "None",
            "operatingExpenses": "175500000",
            "investmentIncomeNet": "None",
            "netInterestIncome": "-4200000",
            "interestIncome": "13200000",
            "interestExpense": "4200000",
            "nonInterestIncome": "2348900000",
            "otherNonOperatingIncome": "0",
            "depreciation": "None",
            "depreciationAndAmortization": "2500000",
            "incomeBeforeTax": "264100000",
            "incomeTaxExpense": "31800000",
            "interestAndDebtExpense": "4200000",
            "netIncomeFromContinuingOperations": "233300000",
            "comprehensiveIncomeNetOfTax": "232400000",
            "ebit": "278300000",
            "ebitda": "270800000",
            "netIncome": "232300000"
        },
        {
            "fiscalDateEnding": "2019-11-24",
            "reportedCurrency": "USD",
            "grossProfit": "339200000",
            "totalRevenue": "2051200000",
            "costOfRevenue": "853700000",
            "costofGoodsAndServicesSold": "692300000",
            "operatingIncome": "160200000",
            "sellingGeneralAndAdministrative": "157600000",
            "researchAndDevelopment": "None",
            "operatingExpenses": "161400000",
            "investmentIncomeNet": "None",
            "netInterestIncome": "-4000000",
            "interestIncome": "13100000",
            "interestExpense": "4000000",
            "nonInterestIncome": "2055200000",
            "otherNonOperatingIncome": "-153300000",
            "depreciation": "None",
            "depreciationAndAmortization": "2100000",
            "incomeBeforeTax": "-6900000",
            "incomeTaxExpense": "-31600000",
            "interestAndDebtExpense": "4000000",
            "netIncomeFromContinuingOperations": "25400000",
            "comprehensiveIncomeNetOfTax": "125200000",
            "ebit": "160200000",
            "ebitda": "-800000",
            "netIncome": "24700000"
        },
        {
            "fiscalDateEnding": "2019-08-25",
            "reportedCurrency": "USD",
            "grossProfit": "385700000",
            "totalRevenue": "2131500000",
            "costOfRevenue": "873400000",
            "costofGoodsAndServicesSold": "703800000",
            "operatingIncome": "201500000",
            "sellingGeneralAndAdministrative": "166700000",
            "researchAndDevelopment": "None",
            "operatingExpenses": "169600000",
            "investmentIncomeNet": "None",
            "netInterestIncome": "-3300000",
            "interestIncome": "11100000",
            "interestExpense": "3300000",
            "nonInterestIncome": "2134800000",
            "otherNonOperatingIncome": "0",
            "depreciation": "None",
            "depreciationAndAmortization": "1500000",
            "incomeBeforeTax": "189200000",
            "incomeTaxExpense": "18600000",
            "interestAndDebtExpense": "3300000",
            "netIncomeFromContinuingOperations": "171800000",
            "comprehensiveIncomeNetOfTax": "167800000",
            "ebit": "201500000",
            "ebitda": "194000000",
            "netIncome": "170600000"
        },
        {
            "fiscalDateEnding": "2019-05-26",
            "reportedCurrency": "USD",
            "grossProfit": "435400000",
            "totalRevenue": "2229100000",
            "costOfRevenue": "904200000",
            "costofGoodsAndServicesSold": "718000000",
            "operatingIncome": "229800000",
            "sellingGeneralAndAdministrative": "171500000",
            "researchAndDevelopment": "None",
            "operatingExpenses": "189800000",
            "investmentIncomeNet": "None",
            "netInterestIncome": "-11900000",
            "interestIncome": "11900000",
            "interestExpense": "11900000",
            "nonInterestIncome": "2229100000",
            "otherNonOperatingIncome": "0",
            "depreciation": "None",
            "depreciationAndAmortization": "87900000",
            "incomeBeforeTax": "217200000",
            "incomeTaxExpense": "9200000",
            "interestAndDebtExpense": "44300000",
            "netIncomeFromContinuingOperations": "208700000",
            "comprehensiveIncomeNetOfTax": "190800000",
            "ebit": "229800000",
            "ebitda": "293200000",
            "netIncome": "208000000"
        },
        {
            "fiscalDateEnding": "2019-02-24",
            "reportedCurrency": "USD",
            "grossProfit": "455200000",
            "totalRevenue": "2248000000",
            "costOfRevenue": "878700000",
            "costofGoodsAndServicesSold": "711400000",
            "operatingIncome": "265500000",
            "sellingGeneralAndAdministrative": "165200000",
            "researchAndDevelopment": "None",
            "operatingExpenses": "167300000",
            "investmentIncomeNet": "None",
            "netInterestIncome": "-12400000",
            "interestIncome": "None",
            "interestExpense": "12400000",
            "nonInterestIncome": "2248000000",
            "otherNonOperatingIncome": "0",
            "depreciation": "None",
            "depreciationAndAmortization": "85300000",
            "incomeBeforeTax": "251600000",
            "incomeTaxExpense": "28000000",
            "interestAndDebtExpense": "None",
            "netIncomeFromContinuingOperations": "225100000",
            "comprehensiveIncomeNetOfTax": "221300000",
            "ebit": "265500000",
            "ebitda": "324500000",
            "netIncome": "223600000"
        },
        {
            "fiscalDateEnding": "2018-11-25",
            "reportedCurrency": "USD",
            "grossProfit": "328700000",
            "totalRevenue": "1973500000",
            "costOfRevenue": "818100000",
            "costofGoodsAndServicesSold": "662400000",
            "operatingIncome": "148100000",
            "sellingGeneralAndAdministrative": "153100000",
            "researchAndDevelopment": "None",
            "operatingExpenses": "155700000",
            "investmentIncomeNet": "None",
            "netInterestIncome": "None",
            "interestIncome": "None",
            "interestExpense": "12800000",
            "nonInterestIncome": "1973500000",
            "otherNonOperatingIncome": "0",
            "depreciation": "None",
            "depreciationAndAmortization": "82800000",
            "incomeBeforeTax": "135000000",
            "incomeTaxExpense": "19400000",
            "interestAndDebtExpense": "None",
            "netIncomeFromContinuingOperations": "115900000",
            "comprehensiveIncomeNetOfTax": "113300000",
            "ebit": "148100000",
            "ebitda": "205000000",
            "netIncome": "115600000"
        },
        {
            "fiscalDateEnding": "2018-08-26",
            "reportedCurrency": "USD",
            "grossProfit": "374400000",
            "totalRevenue": "2078800000",
            "costOfRevenue": "850400000",
            "costofGoodsAndServicesSold": "679300000",
            "operatingIncome": "189100000",
            "sellingGeneralAndAdministrative": "171000000",
            "researchAndDevelopment": "None",
            "operatingExpenses": "171100000",
            "investmentIncomeNet": "None",
            "netInterestIncome": "None",
            "interestIncome": "None",
            "interestExpense": "13100000",
            "nonInterestIncome": "2078800000",
            "otherNonOperatingIncome": "None",
            "depreciation": "None",
            "depreciationAndAmortization": "80700000",
            "incomeBeforeTax": "173300000",
            "incomeTaxExpense": "7100000",
            "interestAndDebtExpense": "102200000",
            "netIncomeFromContinuingOperations": "168900000",
            "comprehensiveIncomeNetOfTax": "175000000",
            "ebit": "189100000",
            "ebitda": "240900000",
            "netIncome": "166200000"
        },
        {
            "fiscalDateEnding": "2018-05-27",
            "reportedCurrency": "USD",
            "grossProfit": "416300000",
            "totalRevenue": "2134100000",
            "costOfRevenue": "19900000",
            "costofGoodsAndServicesSold": "-2071700000",
            "operatingIncome": "230000000",
            "sellingGeneralAndAdministrative": "172100000",
            "researchAndDevelopment": "None",
            "operatingExpenses": "19900000",
            "investmentIncomeNet": "None",
            "netInterestIncome": "None",
            "interestIncome": "None",
            "interestExpense": "13200000",
            "nonInterestIncome": "2134100000",
            "otherNonOperatingIncome": "None",
            "depreciation": "None",
            "depreciationAndAmortization": "79000000",
            "incomeBeforeTax": "215900000",
            "incomeTaxExpense": "41400000",
            "interestAndDebtExpense": "152400000",
            "netIncomeFromContinuingOperations": "175400000",
            "comprehensiveIncomeNetOfTax": "169700000",
            "ebit": "230000000",
            "ebitda": "281700000",
            "netIncome": "174500000"
        },
        {
            "fiscalDateEnding": "2018-02-25",
            "reportedCurrency": "USD",
            "grossProfit": "422400000",
            "totalRevenue": "2035000000",
            "costOfRevenue": "1816100000",
            "costofGoodsAndServicesSold": "1647100000",
            "operatingIncome": "233400000",
            "sellingGeneralAndAdministrative": "169000000",
            "researchAndDevelopment": "None",
            "operatingExpenses": "169000000",
            "investmentIncomeNet": "None",
            "netInterestIncome": "None",
            "interestIncome": "None",
            "interestExpense": "117400000",
            "nonInterestIncome": "-93400000",
            "otherNonOperatingIncome": "None",
            "depreciation": "None",
            "depreciationAndAmortization": "79200000",
            "incomeBeforeTax": "115300000",
            "incomeTaxExpense": "-102500000",
            "interestAndDebtExpense": "102200000",
            "netIncomeFromContinuingOperations": "218500000",
            "comprehensiveIncomeNetOfTax": "205600000",
            "ebit": "233400000",
            "ebitda": "77100000",
            "netIncome": "217800000"
        }
    ]
}