{
    "symbol": "EBAY",
    "annualReports": [
        {
            "fiscalDateEnding": "2022-12-31",
            "reportedCurrency": "USD",
            "grossProfit": "7115000000",
            "totalRevenue": "9795000000",
            "costOfRevenue": "2680000000",
            "costofGoodsAndServicesSold": "2680000000",
            "operatingIncome": "2350000000",
            "sellingGeneralAndAdministrative": "3099000000",
            "researchAndDevelopment": "1330000000",
            "operatingExpenses": "4765000000",
            "investmentIncomeNet": "73000000",
            "netInterestIncome": "-235000000",
            "interestIncome": "None",
            "interestExpense": "235000000",
            "nonInterestIncome": "8983000000",
            "otherNonOperatingIncome": "None",
            "depreciation": "None",
            "depreciationAndAmortization": "442000000",
            "incomeBeforeTax": "-1596000000",
            "incomeTaxExpense": "-327000000",
            "interestAndDebtExpense": "235000000",
            "netIncomeFromContinuingOperations": "-1274000000",
            "comprehensiveIncomeNetOfTax": "-1408000000",
            "ebit": "-1361000000",
            "ebitda": "-919000000",
            "netIncome": "-1269000000"
        },
        {
            "fiscalDateEnding": "2021-12-31",
            "reportedCurrency": "USD",
            "grossProfit": "7770000000",
            "totalRevenue": "10420000000",
            "costOfRevenue": "2650000000",
            "costofGoodsAndServicesSold": "2650000000",
            "operatingIncome": "2923000000",
            "sellingGeneralAndAdministrative": "3091000000",
            "researchAndDevelopment": "1325000000",
            "operatingExpenses": "4847000000",
            "investmentIncomeNet": "19000000",
            "netInterestIncome": "-269000000",
            "interestIncome": "19000000",
            "interestExpense": "269000000",
            "nonInterestIncome": "10502000000",
            "otherNonOperatingIncome": "None",
            "depreciation": "None",
            "depreciationAndAmortization": "502000000",
            "incomeBeforeTax": "13754000000",
            "incomeTaxExpense": "146000000",
            "interestAndDebtExpense": "279000000",
            "netIncomeFromContinuingOperations": "252000000",
            "comprehensiveIncomeNetOfTax": "13390000000",
            "ebit": "14023000000",
            "ebitda": "14525000000",
            "netIncome": "13608000000"
        },
        {
            "fiscalDateEnding": "2020-12-31",
            "reportedCurrency": "USD",
            "grossProfit": "7097000000",
            "totalRevenue": "8894000000",
            "costOfRevenue": "1797000000",
            "costofGoodsAndServicesSold": "2473000000",
            "operatingIncome": "2636000000",
            "sellingGeneralAndAdministrative": "3642000000",
            "researchAndDevelopment": "1028000000",
            "operatingExpenses": "4461000000",
            "investmentIncomeNet": "39000000",
            "netInterestIncome": "-305000000",
            "interestIncome": "-1000000",
            "interestExpense": "304000000",
            "nonInterestIncome": "10271000000",
            "otherNonOperatingIncome": "-32000000",
            "depreciation": "None",
            "depreciationAndAmortization": "583000000",
            "incomeBeforeTax": "6525000000",
            "incomeTaxExpense": "858000000",
            "interestAndDebtExpense": "305000000",
            "netIncomeFromContinuingOperations": "2487000000",
            "comprehensiveIncomeNetOfTax": "5899000000",
            "ebit": "6829000000",
            "ebitda": "7412000000",
            "netIncome": "5667000000"
        },
        {
            "fiscalDateEnding": "2019-12-31",
            "reportedCurrency": "USD",
            "grossProfit": "5844000000",
            "totalRevenue": "7429000000",
            "costOfRevenue": "1585000000",
            "costofGoodsAndServicesSold": "2508000000",
            "operatingIncome": "1770000000",
            "sellingGeneralAndAdministrative": "4383000000",
            "researchAndDevelopment": "930000000",
            "operatingExpenses": "4074000000",
            "investmentIncomeNet": "120000000",
            "netInterestIncome": "-311000000",
            "interestIncome": "120000000",
            "interestExpense": "311000000",
            "nonInterestIncome": "10748000000",
            "otherNonOperatingIncome": "-1000000",
            "depreciation": "None",
            "depreciationAndAmortization": "600000000",
            "incomeBeforeTax": "2005000000",
            "incomeTaxExpense": "219000000",
            "interestAndDebtExpense": "311000000",
            "netIncomeFromContinuingOperations": "1433000000",
            "comprehensiveIncomeNetOfTax": "1672000000",
            "ebit": "2316000000",
            "ebitda": "2916000000",
            "netIncome": "1786000000"
        },
        {
            "fiscalDateEnding": "2018-12-31",
            "reportedCurrency": "USD",
            "grossProfit": "6627000000",
            "totalRevenue": "8650000000",
            "costOfRevenue": "2023000000",
            "costofGoodsAndServicesSold": "2382000000",
            "operatingIncome": "1752000000",
            "sellingGeneralAndAdministrative": "4522000000",
            "researchAndDevelopment": "1051000000",
            "operatingExpenses": "4875000000",
            "investmentIncomeNet": "176000000",
            "netInterestIncome": "-326000000",
            "interestIncome": "176000000",
            "interestExpense": "326000000",
            "nonInterestIncome": "10433000000",
            "otherNonOperatingIncome": "-16000000",
            "depreciation": "None",
            "depreciationAndAmortization": "635000000",
            "incomeBeforeTax": "2651000000",
            "incomeTaxExpense": "121000000",
            "interestAndDebtExpense": "326000000",
            "netIncomeFromContinuingOperations": "2128000000",
            "comprehensiveIncomeNetOfTax": "2311000000",
            "ebit": "2977000000",
            "ebitda": "3612000000",
            "netIncome": "2530000000"
        }
    ],
    "quarterlyReports": [
        {
            "fiscalDateEnding": "2022-12-31",
            "reportedCurrency": "USD",
            "grossProfit": "1829000000",
            "totalRevenue": "2510000000",
            "costOfRevenue": "681000000",
            "costofGoodsAndServicesSold": "681000000",
            "operatingIncome": "565000000",
            "sellingGeneralAndAdministrative": "842000000",
            "researchAndDevelopment": "340000000",
            "operatingExpenses": "1264000000",
            "investmentIncomeNet": "None",
            "netInterestIncome": "-55000000",
            "interestIncome": "None",
            "interestExpense": "55000000",
            "nonInterestIncome": "1916000000",
            "otherNonOperatingIncome": "None",
            "depreciation": "None",
            "depreciationAndAmortization": "107000000",
            "incomeBeforeTax": "830000000",
            "incomeTaxExpense": "158000000",
            "interestAndDebtExpense": "235000000",
            "netIncomeFromContinuingOperations": "671000000",
            "comprehensiveIncomeNetOfTax": "591000000",
            "ebit": "565000000",
            "ebitda": "672000000",
            "netIncome": "672000000"
        },
        {
            "fiscalDateEnding": "2022-09-30",
            "reportedCurrency": "USD",
            "grossProfit": "1733000000",
            "totalRevenue": "2380000000",
            "costOfRevenue": "647000000",
            "costofGoodsAndServicesSold": "647000000",
            "operatingIncome": "568000000",
            "sellingGeneralAndAdministrative": "750000000",
            "researchAndDevelopment": "345000000",
            "operatingExpenses": "1165000000",
            "investmentIncomeNet": "None",
            "netInterestIncome": "-29000000",
            "interestIncome": "None",
            "interestExpense": "29000000",
            "nonInterestIncome": "2404000000",
            "otherNonOperatingIncome": "None",
            "depreciation": "None",
            "depreciationAndAmortization": "104000000",
            "incomeBeforeTax": "-53000000",
            "incomeTaxExpense": "16000000",
            "interestAndDebtExpense": "0",
            "netIncomeFromContinuingOperations": "-70000000",
            "comprehensiveIncomeNetOfTax": "-52000000",
            "ebit": "568000000",
            "ebitda": "672000000",
            "netIncome": "-69000000"
        },
        {
            "fiscalDateEnding": "2022-06-30",
            "reportedCurrency": "USD",
            "grossProfit": "1759000000",
            "totalRevenue": "2422000000",
            "costOfRevenue": "663000000",
            "costofGoodsAndServicesSold": "663000000",
            "operatingIncome": "525000000",
            "sellingGeneralAndAdministrative": "803000000",
            "researchAndDevelopment": "344000000",
            "operatingExpenses": "1234000000",
            "investmentIncomeNet": "None",
            "netInterestIncome": "-31000000",
            "interestIncome": "None",
            "interestExpense": "31000000",
            "nonInterestIncome": "2354000000",
            "otherNonOperatingIncome": "None",
            "depreciation": "None",
            "depreciationAndAmortization": "113000000",
            "incomeBeforeTax": "-722000000",
            "incomeTaxExpense": "-191000000",
            "interestAndDebtExpense": "0",
            "netIncomeFromContinuingOperations": "-536000000",
            "comprehensiveIncomeNetOfTax": "-550000000",
            "ebit": "525000000",
            "ebitda": "638000000",
            "netIncome": "-531000000"
        },
        {
            "fiscalDateEnding": "2022-03-31",
            "reportedCurrency": "USD",
            "grossProfit": "1794000000",
            "totalRevenue": "2483000000",
            "costOfRevenue": "689000000",
            "costofGoodsAndServicesSold": "689000000",
            "operatingIncome": "692000000",
            "sellingGeneralAndAdministrative": "704000000",
            "researchAndDevelopment": "301000000",
            "operatingExpenses": "1102000000",
            "investmentIncomeNet": "None",
            "netInterestIncome": "-50000000",
            "interestIncome": "None",
            "interestExpense": "50000000",
            "nonInterestIncome": "2309000000",
            "otherNonOperatingIncome": "None",
            "depreciation": "None",
            "depreciationAndAmortization": "118000000",
            "incomeBeforeTax": "-1651000000",
            "incomeTaxExpense": "-310000000",
            "interestAndDebtExpense": "0",
            "netIncomeFromContinuingOperations": "-1339000000",
            "comprehensiveIncomeNetOfTax": "-1397000000",
            "ebit": "692000000",
            "ebitda": "810000000",
            "netIncome": "-1341000000"
        },
        {
            "fiscalDateEnding": "2021-12-31",
            "reportedCurrency": "USD",
            "grossProfit": "1919000000",
            "totalRevenue": "2613000000",
            "costOfRevenue": "694000000",
            "costofGoodsAndServicesSold": "694000000",
            "operatingIncome": "688000000",
            "sellingGeneralAndAdministrative": "775000000",
            "researchAndDevelopment": "337000000",
            "operatingExpenses": "1231000000",
            "investmentIncomeNet": "None",
            "netInterestIncome": "26000000",
            "interestIncome": "None",
            "interestExpense": "None",
            "nonInterestIncome": "2613000000",
            "otherNonOperatingIncome": "None",
            "depreciation": "None",
            "depreciationAndAmortization": "122000000",
            "incomeBeforeTax": "1701000000",
            "incomeTaxExpense": "-268000000",
            "interestAndDebtExpense": "269000000",
            "netIncomeFromContinuingOperations": "-893000000",
            "comprehensiveIncomeNetOfTax": "1845000000",
            "ebit": "688000000",
            "ebitda": "810000000",
            "netIncome": "1969000000"
        },
        {
            "fiscalDateEnding": "2021-09-30",
            "reportedCurrency": "USD",
            "grossProfit": "1823000000",
            "totalRevenue": "2501000000",
            "costOfRevenue": "678000000",
            "costofGoodsAndServicesSold": "678000000",
            "operatingIncome": "662000000",
            "sellingGeneralAndAdministrative": "715000000",
            "researchAndDevelopment": "334000000",
            "operatingExpenses": "1161000000",
            "investmentIncomeNet": "None",
            "netInterestIncome": "-228000000",
            "interestIncome": "None",
            "interestExpense": "None",
            "nonInterestIncome": "2584000000",
            "otherNonOperatingIncome": "None",
            "depreciation": "None",
            "depreciationAndAmortization": "119000000",
            "incomeBeforeTax": "415000000",
            "incomeTaxExpense": "151000000",
            "interestAndDebtExpense": "0",
            "netIncomeFromContinuingOperations": "283000000",
            "comprehensiveIncomeNetOfTax": "226000000",
            "ebit": "662000000",
            "ebitda": "781000000",
            "netIncome": "264000000"
        },
        {
            "fiscalDateEnding": "2021-06-30",
            "reportedCurrency": "USD",
            "grossProfit": "1996000000",
            "totalRevenue": "2668000000",
            "costOfRevenue": "672000000",
            "costofGoodsAndServicesSold": "672000000",
            "operatingIncome": "732000000",
            "sellingGeneralAndAdministrative": "809000000",
            "researchAndDevelopment": "350000000",
            "operatingExpenses": "1264000000",
            "investmentIncomeNet": "None",
            "netInterestIncome": "-331000000",
            "interestIncome": "None",
            "interestExpense": "None",
            "nonInterestIncome": "2668000000",
            "otherNonOperatingIncome": "None",
            "depreciation": "None",
            "depreciationAndAmortization": "127000000",
            "incomeBeforeTax": "10841000000",
            "incomeTaxExpense": "107000000",
            "interestAndDebtExpense": "0",
            "netIncomeFromContinuingOperations": "294000000",
            "comprehensiveIncomeNetOfTax": "10741000000",
            "ebit": "732000000",
            "ebitda": "859000000",
            "netIncome": "10734000000"
        },
        {
            "fiscalDateEnding": "2021-03-31",
            "reportedCurrency": "USD",
            "grossProfit": "2032000000",
            "totalRevenue": "2638000000",
            "costOfRevenue": "606000000",
            "costofGoodsAndServicesSold": "823000000",
            "operatingIncome": "841000000",
            "sellingGeneralAndAdministrative": "945000000",
            "researchAndDevelopment": "304000000",
            "operatingExpenses": "1191000000",
            "investmentIncomeNet": "None",
            "netInterestIncome": "-117000000",
            "interestIncome": "None",
            "interestExpense": "117000000",
            "nonInterestIncome": "3013000000",
            "otherNonOperatingIncome": "None",
            "depreciation": "None",
            "depreciationAndAmortization": "134000000",
            "incomeBeforeTax": "797000000",
            "incomeTaxExpense": "156000000",
            "interestAndDebtExpense": "10000000",
            "netIncomeFromContinuingOperations": "568000000",
            "comprehensiveIncomeNetOfTax": "578000000",
            "ebit": "841000000",
            "ebitda": "975000000",
            "netIncome": "641000000"
        },
        {
            "fiscalDateEnding": "2020-12-31",
            "reportedCurrency": "USD",
            "grossProfit": "1930000000",
            "totalRevenue": "2478000000",
            "costOfRevenue": "548000000",
            "costofGoodsAndServicesSold": "742000000",
            "operatingIncome": "661000000",
            "sellingGeneralAndAdministrative": "1057000000",
            "researchAndDevelopment": "283000000",
            "operatingExpenses": "1269000000",
            "investmentIncomeNet": "None",
            "netInterestIncome": "-575000000",
            "interestIncome": "238000000",
            "interestExpense": "None",
            "nonInterestIncome": "2868000000",
            "otherNonOperatingIncome": "None",
            "depreciation": "None",
            "depreciationAndAmortization": "131000000",
            "incomeBeforeTax": "1167000000",
            "incomeTaxExpense": "322000000",
            "interestAndDebtExpense": "305000000",
            "netIncomeFromContinuingOperations": "772000000",
            "comprehensiveIncomeNetOfTax": "1050000000",
            "ebit": "661000000",
            "ebitda": "792000000",
            "netIncome": "845000000"
        },
        {
            "fiscalDateEnding": "2020-09-30",
            "reportedCurrency": "USD",
            "grossProfit": "1780000000",
            "totalRevenue": "2258000000",
            "costOfRevenue": "478000000",
            "costofGoodsAndServicesSold": "656000000",
            "operatingIncome": "662000000",
            "sellingGeneralAndAdministrative": "918000000",
            "researchAndDevelopment": "271000000",
            "operatingExpenses": "1118000000",
            "investmentIncomeNet": "None",
            "netInterestIncome": "95000000",
            "interestIncome": "95000000",
            "interestExpense": "None",
            "nonInterestIncome": "2606000000",
            "otherNonOperatingIncome": "None",
            "depreciation": "None",
            "depreciationAndAmortization": "157000000",
            "incomeBeforeTax": "815000000",
            "incomeTaxExpense": "151000000",
            "interestAndDebtExpense": "0",
            "netIncomeFromContinuingOperations": "605000000",
            "comprehensiveIncomeNetOfTax": "754000000",
            "ebit": "662000000",
            "ebitda": "819000000",
            "netIncome": "664000000"
        },
        {
            "fiscalDateEnding": "2020-06-30",
            "reportedCurrency": "USD",
            "grossProfit": "1920000000",
            "totalRevenue": "2337000000",
            "costOfRevenue": "417000000",
            "costofGoodsAndServicesSold": "598000000",
            "operatingIncome": "764000000",
            "sellingGeneralAndAdministrative": "1036000000",
            "researchAndDevelopment": "256000000",
            "operatingExpenses": "1156000000",
            "investmentIncomeNet": "None",
            "netInterestIncome": "182000000",
            "interestIncome": "182000000",
            "interestExpense": "None",
            "nonInterestIncome": "2865000000",
            "otherNonOperatingIncome": "None",
            "depreciation": "None",
            "depreciationAndAmortization": "154000000",
            "incomeBeforeTax": "1002000000",
            "incomeTaxExpense": "256000000",
            "interestAndDebtExpense": "0",
            "netIncomeFromContinuingOperations": "689000000",
            "comprehensiveIncomeNetOfTax": "782000000",
            "ebit": "764000000",
            "ebitda": "918000000",
            "netIncome": "746000000"
        },
        {
            "fiscalDateEnding": "2020-03-31",
            "reportedCurrency": "USD",
            "grossProfit": "1467000000",
            "totalRevenue": "1969000000",
            "costOfRevenue": "502000000",
            "costofGoodsAndServicesSold": "526000000",
            "operatingIncome": "565000000",
            "sellingGeneralAndAdministrative": "841000000",
            "researchAndDevelopment": "232000000",
            "operatingExpenses": "1062000000",
            "investmentIncomeNet": "None",
            "netInterestIncome": "2000000",
            "interestIncome": "2000000",
            "interestExpense": "None",
            "nonInterestIncome": "2374000000",
            "otherNonOperatingIncome": "None",
            "depreciation": "None",
            "depreciationAndAmortization": "141000000",
            "incomeBeforeTax": "3547000000",
            "incomeTaxExpense": "135000000",
            "interestAndDebtExpense": "0",
            "netIncomeFromContinuingOperations": "421000000",
            "comprehensiveIncomeNetOfTax": "3313000000",
            "ebit": "565000000",
            "ebitda": "706000000",
            "netIncome": "3412000000"
        },
        {
            "fiscalDateEnding": "2019-12-31",
            "reportedCurrency": "USD",
            "grossProfit": "1680000000",
            "totalRevenue": "1685000000",
            "costOfRevenue": "5000000",
            "costofGoodsAndServicesSold": "650000000",
            "operatingIncome": "387000000",
            "sellingGeneralAndAdministrative": "1152000000",
            "researchAndDevelopment": "195000000",
            "operatingExpenses": "637000000",
            "investmentIncomeNet": "None",
            "netInterestIncome": "-62000000",
            "interestIncome": "15000000",
            "interestExpense": "78000000",
            "nonInterestIncome": "2821000000",
            "otherNonOperatingIncome": "None",
            "depreciation": "None",
            "depreciationAndAmortization": "126000000",
            "incomeBeforeTax": "567000000",
            "incomeTaxExpense": "11000000",
            "interestAndDebtExpense": "None",
            "netIncomeFromContinuingOperations": "469000000",
            "comprehensiveIncomeNetOfTax": "579000000",
            "ebit": "387000000",
            "ebitda": "513000000",
            "netIncome": "556000000"
        },
        {
            "fiscalDateEnding": "2019-09-30",
            "reportedCurrency": "USD",
            "grossProfit": "1553000000",
            "totalRevenue": "2083000000",
            "costOfRevenue": "530000000",
            "costofGoodsAndServicesSold": "627000000",
            "operatingIncome": "408000000",
            "sellingGeneralAndAdministrative": "1089000000",
            "researchAndDevelopment": "243000000",
            "operatingExpenses": "1145000000",
            "investmentIncomeNet": "None",
            "netInterestIncome": "-142000000",
            "interestIncome": "142000000",
            "interestExpense": "74000000",
            "nonInterestIncome": "2649000000",
            "otherNonOperatingIncome": "None",
            "depreciation": "None",
            "depreciationAndAmortization": "144000000",
            "incomeBeforeTax": "366000000",
            "incomeTaxExpense": "56000000",
            "interestAndDebtExpense": "None",
            "netIncomeFromContinuingOperations": "210000000",
            "comprehensiveIncomeNetOfTax": "207000000",
            "ebit": "408000000",
            "ebitda": "552000000",
            "netIncome": "310000000"
        },
        {
            "fiscalDateEnding": "2019-06-30",
            "reportedCurrency": "USD",
            "grossProfit": "1624000000",
            "totalRevenue": "2177000000",
            "costOfRevenue": "553000000",
            "costofGoodsAndServicesSold": "630000000",
            "operatingIncome": "558000000",
            "sellingGeneralAndAdministrative": "1091000000",
            "researchAndDevelopment": "295000000",
            "operatingExpenses": "1312000000",
            "investmentIncomeNet": "None",
            "netInterestIncome": "-51000000",
            "interestIncome": "51000000",
            "interestExpense": "79000000",
            "nonInterestIncome": "2687000000",
            "otherNonOperatingIncome": "None",
            "depreciation": "None",
            "depreciationAndAmortization": "168000000",
            "incomeBeforeTax": "509000000",
            "incomeTaxExpense": "107000000",
            "interestAndDebtExpense": "None",
            "netIncomeFromContinuingOperations": "377000000",
            "comprehensiveIncomeNetOfTax": "402000000",
            "ebit": "558000000",
            "ebitda": "726000000",
            "netIncome": "402000000"
        },
        {
            "fiscalDateEnding": "2019-03-31",
            "reportedCurrency": "USD",
            "grossProfit": "1643000000",
            "totalRevenue": "2182000000",
            "costOfRevenue": "539000000",
            "costofGoodsAndServicesSold": "601000000",
            "operatingIncome": "593000000",
            "sellingGeneralAndAdministrative": "1051000000",
            "researchAndDevelopment": "272000000",
            "operatingExpenses": "1281000000",
            "investmentIncomeNet": "None",
            "netInterestIncome": "64000000",
            "interestIncome": "None",
            "interestExpense": "80000000",
            "nonInterestIncome": "2643000000",
            "otherNonOperatingIncome": "None",
            "depreciation": "None",
            "depreciationAndAmortization": "162000000",
            "incomeBeforeTax": "659000000",
            "incomeTaxExpense": "141000000",
            "interestAndDebtExpense": "None",
            "netIncomeFromContinuingOperations": "460000000",
            "comprehensiveIncomeNetOfTax": "484000000",
            "ebit": "593000000",
            "ebitda": "755000000",
            "netIncome": "518000000"
        },
        {
            "fiscalDateEnding": "2018-12-31",
            "reportedCurrency": "USD",
            "grossProfit": "2259000000",
            "totalRevenue": "2518000000",
            "costOfRevenue": "259000000",
            "costofGoodsAndServicesSold": "618000000",
            "operatingIncome": "211000000",
            "sellingGeneralAndAdministrative": "1190000000",
            "researchAndDevelopment": "58000000",
            "operatingExpenses": "311000000",
            "investmentIncomeNet": "None",
            "netInterestIncome": "None",
            "interestIncome": "None",
            "interestExpense": "87000000",
            "nonInterestIncome": "2877000000",
            "otherNonOperatingIncome": "None",
            "depreciation": "None",
            "depreciationAndAmortization": "111000000",
            "incomeBeforeTax": "315000000",
            "incomeTaxExpense": "-445000000",
            "interestAndDebtExpense": "None",
            "netIncomeFromContinuingOperations": "763000000",
            "comprehensiveIncomeNetOfTax": "708000000",
            "ebit": "211000000",
            "ebitda": "322000000",
            "netIncome": "760000000"
        },
        {
            "fiscalDateEnding": "2018-09-30",
            "reportedCurrency": "USD",
            "grossProfit": "2041000000",
            "totalRevenue": "2649000000",
            "costOfRevenue": "608000000",
            "costofGoodsAndServicesSold": "608000000",
            "operatingIncome": "556000000",
            "sellingGeneralAndAdministrative": "1100000000",
            "researchAndDevelopment": "307000000",
            "operatingExpenses": "1485000000",
            "investmentIncomeNet": "None",
            "netInterestIncome": "None",
            "interestIncome": "None",
            "interestExpense": "79000000",
            "nonInterestIncome": "2336000000",
            "otherNonOperatingIncome": "None",
            "depreciation": "None",
            "depreciationAndAmortization": "175000000",
            "incomeBeforeTax": "949000000",
            "incomeTaxExpense": "228000000",
            "interestAndDebtExpense": "None",
            "netIncomeFromContinuingOperations": "720000000",
            "comprehensiveIncomeNetOfTax": "690000000",
            "ebit": "556000000",
            "ebitda": "731000000",
            "netIncome": "721000000"
        },
        {
            "fiscalDateEnding": "2018-06-30",
            "reportedCurrency": "USD",
            "grossProfit": "2043000000",
            "totalRevenue": "2640000000",
            "costOfRevenue": "597000000",
            "costofGoodsAndServicesSold": "597000000",
            "operatingIncome": "406000000",
            "sellingGeneralAndAdministrative": "1206000000",
            "researchAndDevelopment": "352000000",
            "operatingExpenses": "1637000000",
            "investmentIncomeNet": "None",
            "netInterestIncome": "None",
            "interestIncome": "None",
            "interestExpense": "79000000",
            "nonInterestIncome": "2640000000",
            "otherNonOperatingIncome": "None",
            "depreciation": "None",
            "depreciationAndAmortization": "170000000",
            "incomeBeforeTax": "711000000",
            "incomeTaxExpense": "69000000",
            "interestAndDebtExpense": "None",
            "netIncomeFromContinuingOperations": "638000000",
            "comprehensiveIncomeNetOfTax": "423000000",
            "ebit": "406000000",
            "ebitda": "576000000",
            "netIncome": "642000000"
        },
        {
            "fiscalDateEnding": "2018-03-31",
            "reportedCurrency": "USD",
            "grossProfit": "2021000000",
            "totalRevenue": "2580000000",
            "costOfRevenue": "559000000",
            "costofGoodsAndServicesSold": "559000000",
            "operatingIncome": "579000000",
            "sellingGeneralAndAdministrative": "1026000000",
            "researchAndDevelopment": "334000000",
            "operatingExpenses": "1442000000",
            "investmentIncomeNet": "None",
            "netInterestIncome": "None",
            "interestIncome": "None",
            "interestExpense": "81000000",
            "nonInterestIncome": "2580000000",
            "otherNonOperatingIncome": "None",
            "depreciation": "None",
            "depreciationAndAmortization": "179000000",
            "incomeBeforeTax": "547000000",
            "incomeTaxExpense": "140000000",
            "interestAndDebtExpense": "None",
            "netIncomeFromContinuingOperations": "407000000",
            "comprehensiveIncomeNetOfTax": "490000000",
            "ebit": "579000000",
            "ebitda": "758000000",
            "netIncome": "407000000"
        }
    ]
}