{
    "symbol": "LDOS",
    "annualReports": [
        {
            "fiscalDateEnding": "2022-12-31",
            "reportedCurrency": "USD",
            "grossProfit": "2084000000",
            "totalRevenue": "14396000000",
            "costOfRevenue": "12312000000",
            "costofGoodsAndServicesSold": "52000000",
            "operatingIncome": "1088000000",
            "sellingGeneralAndAdministrative": "950000000",
            "researchAndDevelopment": "116000000",
            "operatingExpenses": "1332000000",
            "investmentIncomeNet": "None",
            "netInterestIncome": "-199000000",
            "interestIncome": "-198000000",
            "interestExpense": "1000000",
            "nonInterestIncome": "14269000000",
            "otherNonOperatingIncome": "-3000000",
            "depreciation": "103000000",
            "depreciationAndAmortization": "239000000",
            "incomeBeforeTax": "878000000",
            "incomeTaxExpense": "193000000",
            "interestAndDebtExpense": "1000000",
            "netIncomeFromContinuingOperations": "693000000",
            "comprehensiveIncomeNetOfTax": "624000000",
            "ebit": "1088000000",
            "ebitda": "1118000000",
            "netIncome": "685000000"
        },
        {
            "fiscalDateEnding": "2021-12-31",
            "reportedCurrency": "USD",
            "grossProfit": "2014000000",
            "totalRevenue": "13737000000",
            "costOfRevenue": "11723000000",
            "costofGoodsAndServicesSold": "60000000",
            "operatingIncome": "1152000000",
            "sellingGeneralAndAdministrative": "860000000",
            "researchAndDevelopment": "109000000",
            "operatingExpenses": "1186000000",
            "investmentIncomeNet": "1000000",
            "netInterestIncome": "-184000000",
            "interestIncome": "1000000",
            "interestExpense": "185000000",
            "nonInterestIncome": "13613000000",
            "otherNonOperatingIncome": "-1000000",
            "depreciation": "97000000",
            "depreciationAndAmortization": "239000000",
            "incomeBeforeTax": "961000000",
            "incomeTaxExpense": "208000000",
            "interestAndDebtExpense": "185000000",
            "netIncomeFromContinuingOperations": "759000000",
            "comprehensiveIncomeNetOfTax": "787000000",
            "ebit": "1146000000",
            "ebitda": "1385000000",
            "netIncome": "753000000"
        },
        {
            "fiscalDateEnding": "2020-12-31",
            "reportedCurrency": "USD",
            "grossProfit": "1737000000",
            "totalRevenue": "12297000000",
            "costOfRevenue": "10560000000",
            "costofGoodsAndServicesSold": "47000000",
            "operatingIncome": "998000000",
            "sellingGeneralAndAdministrative": "770000000",
            "researchAndDevelopment": "73000000",
            "operatingExpenses": "1061000000",
            "investmentIncomeNet": "3000000",
            "netInterestIncome": "-179000000",
            "interestIncome": "3000000",
            "interestExpense": "182000000",
            "nonInterestIncome": "12157000000",
            "otherNonOperatingIncome": "-38000000",
            "depreciation": "84000000",
            "depreciationAndAmortization": "207000000",
            "incomeBeforeTax": "780000000",
            "incomeTaxExpense": "152000000",
            "interestAndDebtExpense": "218000000",
            "netIncomeFromContinuingOperations": "629000000",
            "comprehensiveIncomeNetOfTax": "652000000",
            "ebit": "962000000",
            "ebitda": "1169000000",
            "netIncome": "628000000"
        },
        {
            "fiscalDateEnding": "2019-12-31",
            "reportedCurrency": "USD",
            "grossProfit": "1548000000",
            "totalRevenue": "11094000000",
            "costOfRevenue": "9546000000",
            "costofGoodsAndServicesSold": "86000000",
            "operatingIncome": "912000000",
            "sellingGeneralAndAdministrative": "689000000",
            "researchAndDevelopment": "49000000",
            "operatingExpenses": "845000000",
            "investmentIncomeNet": "14000000",
            "netInterestIncome": "-133000000",
            "interestIncome": "14000000",
            "interestExpense": "147000000",
            "nonInterestIncome": "11063000000",
            "otherNonOperatingIncome": "87000000",
            "depreciation": "61000000",
            "depreciationAndAmortization": "181000000",
            "incomeBeforeTax": "863000000",
            "incomeTaxExpense": "196000000",
            "interestAndDebtExpense": "147000000",
            "netIncomeFromContinuingOperations": "670000000",
            "comprehensiveIncomeNetOfTax": "627000000",
            "ebit": "1010000000",
            "ebitda": "1191000000",
            "netIncome": "667000000"
        },
        {
            "fiscalDateEnding": "2018-12-31",
            "reportedCurrency": "USD",
            "grossProfit": "1504000000",
            "totalRevenue": "10194000000",
            "costOfRevenue": "8690000000",
            "costofGoodsAndServicesSold": "None",
            "operatingIncome": "749000000",
            "sellingGeneralAndAdministrative": "729000000",
            "researchAndDevelopment": "46000000",
            "operatingExpenses": "983000000",
            "investmentIncomeNet": "7000000",
            "netInterestIncome": "-138000000",
            "interestIncome": "7000000",
            "interestExpense": "145000000",
            "nonInterestIncome": "10197000000",
            "otherNonOperatingIncome": "-1000000",
            "depreciation": "56000000",
            "depreciationAndAmortization": "201000000",
            "incomeBeforeTax": "609000000",
            "incomeTaxExpense": "28000000",
            "interestAndDebtExpense": "145000000",
            "netIncomeFromContinuingOperations": "582000000",
            "comprehensiveIncomeNetOfTax": "509000000",
            "ebit": "754000000",
            "ebitda": "955000000",
            "netIncome": "581000000"
        }
    ],
    "quarterlyReports": [
        {
            "fiscalDateEnding": "2022-12-31",
            "reportedCurrency": "USD",
            "grossProfit": "521000000",
            "totalRevenue": "3697000000",
            "costOfRevenue": "3176000000",
            "costofGoodsAndServicesSold": "None",
            "operatingIncome": "265000000",
            "sellingGeneralAndAdministrative": "223000000",
            "researchAndDevelopment": "None",
            "operatingExpenses": "429000000",
            "investmentIncomeNet": "None",
            "netInterestIncome": "-51000000",
            "interestIncome": "None",
            "interestExpense": "None",
            "nonInterestIncome": "3661000000",
            "otherNonOperatingIncome": "4000000",
            "depreciation": "None",
            "depreciationAndAmortization": "66000000",
            "incomeBeforeTax": "215000000",
            "incomeTaxExpense": "38000000",
            "interestAndDebtExpense": "None",
            "netIncomeFromContinuingOperations": "180000000",
            "comprehensiveIncomeNetOfTax": "239000000",
            "ebit": "265000000",
            "ebitda": "331000000",
            "netIncome": "177000000"
        },
        {
            "fiscalDateEnding": "2022-09-30",
            "reportedCurrency": "USD",
            "grossProfit": "513000000",
            "totalRevenue": "3608000000",
            "costOfRevenue": "3095000000",
            "costofGoodsAndServicesSold": "None",
            "operatingIncome": "281000000",
            "sellingGeneralAndAdministrative": "233000000",
            "researchAndDevelopment": "None",
            "operatingExpenses": "290000000",
            "investmentIncomeNet": "None",
            "netInterestIncome": "-50000000",
            "interestIncome": "None",
            "interestExpense": "None",
            "nonInterestIncome": "3579000000",
            "otherNonOperatingIncome": "-10000000",
            "depreciation": "None",
            "depreciationAndAmortization": "57000000",
            "incomeBeforeTax": "219000000",
            "incomeTaxExpense": "57000000",
            "interestAndDebtExpense": "None",
            "netIncomeFromContinuingOperations": "164000000",
            "comprehensiveIncomeNetOfTax": "106000000",
            "ebit": "281000000",
            "ebitda": "338000000",
            "netIncome": "162000000"
        },
        {
            "fiscalDateEnding": "2022-06-30",
            "reportedCurrency": "USD",
            "grossProfit": "538000000",
            "totalRevenue": "3597000000",
            "costOfRevenue": "3059000000",
            "costofGoodsAndServicesSold": "None",
            "operatingIncome": "271000000",
            "sellingGeneralAndAdministrative": "260000000",
            "researchAndDevelopment": "None",
            "operatingExpenses": "None",
            "investmentIncomeNet": "None",
            "netInterestIncome": "-50000000",
            "interestIncome": "None",
            "interestExpense": "None",
            "nonInterestIncome": "None",
            "otherNonOperatingIncome": "4000000",
            "depreciation": "None",
            "depreciationAndAmortization": "None",
            "incomeBeforeTax": "224000000",
            "incomeTaxExpense": "53000000",
            "interestAndDebtExpense": "None",
            "netIncomeFromContinuingOperations": "None",
            "comprehensiveIncomeNetOfTax": "72000000",
            "ebit": "271000000",
            "ebitda": "None",
            "netIncome": "171000000"
        },
        {
            "fiscalDateEnding": "2022-03-31",
            "reportedCurrency": "USD",
            "grossProfit": "512000000",
            "totalRevenue": "3494000000",
            "costOfRevenue": "2982000000",
            "costofGoodsAndServicesSold": "None",
            "operatingIncome": "271000000",
            "sellingGeneralAndAdministrative": "236000000",
            "researchAndDevelopment": "None",
            "operatingExpenses": "None",
            "investmentIncomeNet": "None",
            "netInterestIncome": "-48000000",
            "interestIncome": "None",
            "interestExpense": "None",
            "nonInterestIncome": "None",
            "otherNonOperatingIncome": "-1000000",
            "depreciation": "None",
            "depreciationAndAmortization": "None",
            "incomeBeforeTax": "220000000",
            "incomeTaxExpense": "45000000",
            "interestAndDebtExpense": "None",
            "netIncomeFromContinuingOperations": "None",
            "comprehensiveIncomeNetOfTax": "207000000",
            "ebit": "271000000",
            "ebitda": "None",
            "netIncome": "175000000"
        },
        {
            "fiscalDateEnding": "2021-12-31",
            "reportedCurrency": "USD",
            "grossProfit": "508000000",
            "totalRevenue": "3491000000",
            "costOfRevenue": "2983000000",
            "costofGoodsAndServicesSold": "None",
            "operatingIncome": "270000000",
            "sellingGeneralAndAdministrative": "235000000",
            "researchAndDevelopment": "None",
            "operatingExpenses": "385000000",
            "investmentIncomeNet": "None",
            "netInterestIncome": "-46000000",
            "interestIncome": "None",
            "interestExpense": "None",
            "nonInterestIncome": "3456000000",
            "otherNonOperatingIncome": "-2000000",
            "depreciation": "None",
            "depreciationAndAmortization": "66000000",
            "incomeBeforeTax": "220000000",
            "incomeTaxExpense": "46000000",
            "interestAndDebtExpense": "None",
            "netIncomeFromContinuingOperations": "176000000",
            "comprehensiveIncomeNetOfTax": "202000000",
            "ebit": "270000000",
            "ebitda": "336000000",
            "netIncome": "174000000"
        },
        {
            "fiscalDateEnding": "2021-09-30",
            "reportedCurrency": "USD",
            "grossProfit": "541000000",
            "totalRevenue": "3483000000",
            "costOfRevenue": "2942000000",
            "costofGoodsAndServicesSold": "None",
            "operatingIncome": "305000000",
            "sellingGeneralAndAdministrative": "233000000",
            "researchAndDevelopment": "None",
            "operatingExpenses": "299000000",
            "investmentIncomeNet": "None",
            "netInterestIncome": "-47000000",
            "interestIncome": "None",
            "interestExpense": "None",
            "nonInterestIncome": "3449000000",
            "otherNonOperatingIncome": "2000000",
            "depreciation": "None",
            "depreciationAndAmortization": "63000000",
            "incomeBeforeTax": "257000000",
            "incomeTaxExpense": "52000000",
            "interestAndDebtExpense": "None",
            "netIncomeFromContinuingOperations": "208000000",
            "comprehensiveIncomeNetOfTax": "180000000",
            "ebit": "305000000",
            "ebitda": "368000000",
            "netIncome": "205000000"
        },
        {
            "fiscalDateEnding": "2021-06-30",
            "reportedCurrency": "USD",
            "grossProfit": "498000000",
            "totalRevenue": "3448000000",
            "costOfRevenue": "2950000000",
            "costofGoodsAndServicesSold": "None",
            "operatingIncome": "269000000",
            "sellingGeneralAndAdministrative": "224000000",
            "researchAndDevelopment": "None",
            "operatingExpenses": "279000000",
            "investmentIncomeNet": "None",
            "netInterestIncome": "-46000000",
            "interestIncome": "None",
            "interestExpense": "None",
            "nonInterestIncome": "3417000000",
            "otherNonOperatingIncome": "0",
            "depreciation": "None",
            "depreciationAndAmortization": "55000000",
            "incomeBeforeTax": "222000000",
            "incomeTaxExpense": "53000000",
            "interestAndDebtExpense": "None",
            "netIncomeFromContinuingOperations": "170000000",
            "comprehensiveIncomeNetOfTax": "191000000",
            "ebit": "269000000",
            "ebitda": "324000000",
            "netIncome": "169000000"
        },
        {
            "fiscalDateEnding": "2021-03-31",
            "reportedCurrency": "USD",
            "grossProfit": "467000000",
            "totalRevenue": "3315000000",
            "costOfRevenue": "2848000000",
            "costofGoodsAndServicesSold": "None",
            "operatingIncome": "308000000",
            "sellingGeneralAndAdministrative": "159000000",
            "researchAndDevelopment": "None",
            "operatingExpenses": "214000000",
            "investmentIncomeNet": "None",
            "netInterestIncome": "-45000000",
            "interestIncome": "None",
            "interestExpense": "None",
            "nonInterestIncome": "3291000000",
            "otherNonOperatingIncome": "-1000000",
            "depreciation": "None",
            "depreciationAndAmortization": "55000000",
            "incomeBeforeTax": "262000000",
            "incomeTaxExpense": "57000000",
            "interestAndDebtExpense": "None",
            "netIncomeFromContinuingOperations": "205000000",
            "comprehensiveIncomeNetOfTax": "214000000",
            "ebit": "308000000",
            "ebitda": "363000000",
            "netIncome": "205000000"
        },
        {
            "fiscalDateEnding": "2020-12-31",
            "reportedCurrency": "USD",
            "grossProfit": "491000000",
            "totalRevenue": "3252000000",
            "costOfRevenue": "2761000000",
            "costofGoodsAndServicesSold": "None",
            "operatingIncome": "299000000",
            "sellingGeneralAndAdministrative": "187000000",
            "researchAndDevelopment": "None",
            "operatingExpenses": "313000000",
            "investmentIncomeNet": "None",
            "netInterestIncome": "-46000000",
            "interestIncome": "None",
            "interestExpense": "None",
            "nonInterestIncome": "3214000000",
            "otherNonOperatingIncome": "-8000000",
            "depreciation": "None",
            "depreciationAndAmortization": "53000000",
            "incomeBeforeTax": "245000000",
            "incomeTaxExpense": "48000000",
            "interestAndDebtExpense": "187000000",
            "netIncomeFromContinuingOperations": "197000000",
            "comprehensiveIncomeNetOfTax": "249000000",
            "ebit": "299000000",
            "ebitda": "352000000",
            "netIncome": "197000000"
        },
        {
            "fiscalDateEnding": "2020-09-30",
            "reportedCurrency": "USD",
            "grossProfit": "468000000",
            "totalRevenue": "3242000000",
            "costOfRevenue": "2774000000",
            "costofGoodsAndServicesSold": "None",
            "operatingIncome": "258000000",
            "sellingGeneralAndAdministrative": "200000000",
            "researchAndDevelopment": "None",
            "operatingExpenses": "260000000",
            "investmentIncomeNet": "None",
            "netInterestIncome": "-44000000",
            "interestIncome": "None",
            "interestExpense": "None",
            "nonInterestIncome": "3218000000",
            "otherNonOperatingIncome": "0",
            "depreciation": "None",
            "depreciationAndAmortization": "60000000",
            "incomeBeforeTax": "214000000",
            "incomeTaxExpense": "51000000",
            "interestAndDebtExpense": "0",
            "netIncomeFromContinuingOperations": "163000000",
            "comprehensiveIncomeNetOfTax": "192000000",
            "ebit": "258000000",
            "ebitda": "318000000",
            "netIncome": "163000000"
        },
        {
            "fiscalDateEnding": "2020-06-30",
            "reportedCurrency": "USD",
            "grossProfit": "383000000",
            "totalRevenue": "2914000000",
            "costOfRevenue": "2531000000",
            "costofGoodsAndServicesSold": "None",
            "operatingIncome": "249000000",
            "sellingGeneralAndAdministrative": "195000000",
            "researchAndDevelopment": "None",
            "operatingExpenses": "11000000",
            "investmentIncomeNet": "None",
            "netInterestIncome": "-41000000",
            "interestIncome": "None",
            "interestExpense": "None",
            "nonInterestIncome": "2892000000",
            "otherNonOperatingIncome": "-16000000",
            "depreciation": "None",
            "depreciationAndAmortization": "51000000",
            "incomeBeforeTax": "191000000",
            "incomeTaxExpense": "38000000",
            "interestAndDebtExpense": "None",
            "netIncomeFromContinuingOperations": "-22000000",
            "comprehensiveIncomeNetOfTax": "211000000",
            "ebit": "249000000",
            "ebitda": "300000000",
            "netIncome": "153000000"
        },
        {
            "fiscalDateEnding": "2020-03-31",
            "reportedCurrency": "USD",
            "grossProfit": "395000000",
            "totalRevenue": "2889000000",
            "costOfRevenue": "2494000000",
            "costofGoodsAndServicesSold": "None",
            "operatingIncome": "192000000",
            "sellingGeneralAndAdministrative": "197000000",
            "researchAndDevelopment": "None",
            "operatingExpenses": "240000000",
            "investmentIncomeNet": "None",
            "netInterestIncome": "-48000000",
            "interestIncome": "None",
            "interestExpense": "None",
            "nonInterestIncome": "2864000000",
            "otherNonOperatingIncome": "-14000000",
            "depreciation": "None",
            "depreciationAndAmortization": "43000000",
            "incomeBeforeTax": "130000000",
            "incomeTaxExpense": "15000000",
            "interestAndDebtExpense": "None",
            "netIncomeFromContinuingOperations": "115000000",
            "comprehensiveIncomeNetOfTax": "0",
            "ebit": "192000000",
            "ebitda": "235000000",
            "netIncome": "115000000"
        },
        {
            "fiscalDateEnding": "2019-12-31",
            "reportedCurrency": "USD",
            "grossProfit": "427000000",
            "totalRevenue": "2954000000",
            "costOfRevenue": "2527000000",
            "costofGoodsAndServicesSold": "16000000",
            "operatingIncome": "261000000",
            "sellingGeneralAndAdministrative": "171000000",
            "researchAndDevelopment": "None",
            "operatingExpenses": "258000000",
            "investmentIncomeNet": "None",
            "netInterestIncome": "-34000000",
            "interestIncome": "None",
            "interestExpense": "None",
            "nonInterestIncome": "2924000000",
            "otherNonOperatingIncome": "0",
            "depreciation": "16000000",
            "depreciationAndAmortization": "46000000",
            "incomeBeforeTax": "227000000",
            "incomeTaxExpense": "46000000",
            "interestAndDebtExpense": "147000000",
            "netIncomeFromContinuingOperations": "181000000",
            "comprehensiveIncomeNetOfTax": "219000000",
            "ebit": "261000000",
            "ebitda": "307000000",
            "netIncome": "181000000"
        },
        {
            "fiscalDateEnding": "2019-09-30",
            "reportedCurrency": "USD",
            "grossProfit": "385000000",
            "totalRevenue": "2835000000",
            "costOfRevenue": "2450000000",
            "costofGoodsAndServicesSold": "56000000",
            "operatingIncome": "249000000",
            "sellingGeneralAndAdministrative": "177000000",
            "researchAndDevelopment": "None",
            "operatingExpenses": "225000000",
            "investmentIncomeNet": "None",
            "netInterestIncome": "-28000000",
            "interestIncome": "None",
            "interestExpense": "None",
            "nonInterestIncome": "2777000000",
            "otherNonOperatingIncome": "-7000000",
            "depreciation": "16000000",
            "depreciationAndAmortization": "45000000",
            "incomeBeforeTax": "213000000",
            "incomeTaxExpense": "52000000",
            "interestAndDebtExpense": "0",
            "netIncomeFromContinuingOperations": "162000000",
            "comprehensiveIncomeNetOfTax": "126000000",
            "ebit": "249000000",
            "ebitda": "294000000",
            "netIncome": "161000000"
        },
        {
            "fiscalDateEnding": "2019-06-30",
            "reportedCurrency": "USD",
            "grossProfit": "380000000",
            "totalRevenue": "2728000000",
            "costOfRevenue": "2348000000",
            "costofGoodsAndServicesSold": "5000000",
            "operatingIncome": "210000000",
            "sellingGeneralAndAdministrative": "175000000",
            "researchAndDevelopment": "None",
            "operatingExpenses": "220000000",
            "investmentIncomeNet": "None",
            "netInterestIncome": "-33000000",
            "interestIncome": "None",
            "interestExpense": "None",
            "nonInterestIncome": "2728000000",
            "otherNonOperatingIncome": "2000000",
            "depreciation": "14000000",
            "depreciationAndAmortization": "45000000",
            "incomeBeforeTax": "177000000",
            "incomeTaxExpense": "41000000",
            "interestAndDebtExpense": "None",
            "netIncomeFromContinuingOperations": "138000000",
            "comprehensiveIncomeNetOfTax": "98000000",
            "ebit": "210000000",
            "ebitda": "255000000",
            "netIncome": "136000000"
        },
        {
            "fiscalDateEnding": "2019-03-31",
            "reportedCurrency": "USD",
            "grossProfit": "356000000",
            "totalRevenue": "2577000000",
            "costOfRevenue": "2221000000",
            "costofGoodsAndServicesSold": "9000000",
            "operatingIncome": "192000000",
            "sellingGeneralAndAdministrative": "166000000",
            "researchAndDevelopment": "None",
            "operatingExpenses": "121000000",
            "investmentIncomeNet": "None",
            "netInterestIncome": "-38000000",
            "interestIncome": "None",
            "interestExpense": "None",
            "nonInterestIncome": "2665000000",
            "otherNonOperatingIncome": "92000000",
            "depreciation": "15000000",
            "depreciationAndAmortization": "43000000",
            "incomeBeforeTax": "246000000",
            "incomeTaxExpense": "57000000",
            "interestAndDebtExpense": "None",
            "netIncomeFromContinuingOperations": "189000000",
            "comprehensiveIncomeNetOfTax": "184000000",
            "ebit": "192000000",
            "ebitda": "235000000",
            "netIncome": "189000000"
        },
        {
            "fiscalDateEnding": "2018-12-31",
            "reportedCurrency": "USD",
            "grossProfit": "369000000",
            "totalRevenue": "2647000000",
            "costOfRevenue": "2278000000",
            "costofGoodsAndServicesSold": "None",
            "operatingIncome": "188000000",
            "sellingGeneralAndAdministrative": "182000000",
            "researchAndDevelopment": "None",
            "operatingExpenses": "278000000",
            "investmentIncomeNet": "None",
            "netInterestIncome": "-34000000",
            "interestIncome": "None",
            "interestExpense": "None",
            "nonInterestIncome": "2650000000",
            "otherNonOperatingIncome": "-4000000",
            "depreciation": "14000000",
            "depreciationAndAmortization": "50000000",
            "incomeBeforeTax": "150000000",
            "incomeTaxExpense": "-38000000",
            "interestAndDebtExpense": "None",
            "netIncomeFromContinuingOperations": "188000000",
            "comprehensiveIncomeNetOfTax": "145000000",
            "ebit": "188000000",
            "ebitda": "238000000",
            "netIncome": "188000000"
        },
        {
            "fiscalDateEnding": "2018-09-30",
            "reportedCurrency": "USD",
            "grossProfit": "401000000",
            "totalRevenue": "2575000000",
            "costOfRevenue": "2174000000",
            "costofGoodsAndServicesSold": "None",
            "operatingIncome": "203000000",
            "sellingGeneralAndAdministrative": "194000000",
            "researchAndDevelopment": "None",
            "operatingExpenses": "245000000",
            "investmentIncomeNet": "None",
            "netInterestIncome": "-35000000",
            "interestIncome": "None",
            "interestExpense": "None",
            "nonInterestIncome": "2575000000",
            "otherNonOperatingIncome": "2000000",
            "depreciation": "14000000",
            "depreciationAndAmortization": "50000000",
            "incomeBeforeTax": "170000000",
            "incomeTaxExpense": "23000000",
            "interestAndDebtExpense": "None",
            "netIncomeFromContinuingOperations": "147000000",
            "comprehensiveIncomeNetOfTax": "137000000",
            "ebit": "203000000",
            "ebitda": "253000000",
            "netIncome": "147000000"
        },
        {
            "fiscalDateEnding": "2018-06-30",
            "reportedCurrency": "USD",
            "grossProfit": "342000000",
            "totalRevenue": "2494000000",
            "costOfRevenue": "2152000000",
            "costofGoodsAndServicesSold": "None",
            "operatingIncome": "199000000",
            "sellingGeneralAndAdministrative": "174000000",
            "researchAndDevelopment": "None",
            "operatingExpenses": "225000000",
            "investmentIncomeNet": "None",
            "netInterestIncome": "-35000000",
            "interestIncome": "None",
            "interestExpense": "None",
            "nonInterestIncome": "2529000000",
            "otherNonOperatingIncome": "1000000",
            "depreciation": "15000000",
            "depreciationAndAmortization": "51000000",
            "incomeBeforeTax": "164000000",
            "incomeTaxExpense": "20000000",
            "interestAndDebtExpense": "None",
            "netIncomeFromContinuingOperations": "145000000",
            "comprehensiveIncomeNetOfTax": "111000000",
            "ebit": "199000000",
            "ebitda": "250000000",
            "netIncome": "144000000"
        },
        {
            "fiscalDateEnding": "2018-03-31",
            "reportedCurrency": "USD",
            "grossProfit": "357000000",
            "totalRevenue": "2443000000",
            "costOfRevenue": "2086000000",
            "costofGoodsAndServicesSold": "None",
            "operatingIncome": "159000000",
            "sellingGeneralAndAdministrative": "178000000",
            "researchAndDevelopment": "None",
            "operatingExpenses": "241000000",
            "investmentIncomeNet": "None",
            "netInterestIncome": "-34000000",
            "interestIncome": "None",
            "interestExpense": "None",
            "nonInterestIncome": "2443000000",
            "otherNonOperatingIncome": "0",
            "depreciation": "13000000",
            "depreciationAndAmortization": "50000000",
            "incomeBeforeTax": "125000000",
            "incomeTaxExpense": "23000000",
            "interestAndDebtExpense": "None",
            "netIncomeFromContinuingOperations": "102000000",
            "comprehensiveIncomeNetOfTax": "116000000",
            "ebit": "159000000",
            "ebitda": "209000000",
            "netIncome": "102000000"
        }
    ]
}