{
    "symbol": "NVR",
    "annualReports": [
        {
            "fiscalDateEnding": "2022-12-31",
            "reportedCurrency": "USD",
            "grossProfit": "10487551000",
            "totalRevenue": "10526434000",
            "costOfRevenue": "38883000",
            "costofGoodsAndServicesSold": "7662271000",
            "operatingIncome": "10451168000",
            "sellingGeneralAndAdministrative": "34467000",
            "researchAndDevelopment": "None",
            "operatingExpenses": "36383000",
            "investmentIncomeNet": "None",
            "netInterestIncome": "-39524000",
            "interestIncome": "44311000",
            "interestExpense": "39524000",
            "nonInterestIncome": "145233000",
            "otherNonOperatingIncome": "None",
            "depreciation": "None",
            "depreciationAndAmortization": "1916000",
            "incomeBeforeTax": "2253194000",
            "incomeTaxExpense": "527619000",
            "interestAndDebtExpense": "39524000",
            "netIncomeFromContinuingOperations": "9923549000",
            "comprehensiveIncomeNetOfTax": "9923549000",
            "ebit": "2292718000",
            "ebitda": "2294634000",
            "netIncome": "1725575000"
        },
        {
            "fiscalDateEnding": "2021-12-31",
            "reportedCurrency": "USD",
            "grossProfit": "8914704000",
            "totalRevenue": "8951025000",
            "costOfRevenue": "36321000",
            "costofGoodsAndServicesSold": "6763115000",
            "operatingIncome": "8880983000",
            "sellingGeneralAndAdministrative": "31923000",
            "researchAndDevelopment": "None",
            "operatingExpenses": "33721000",
            "investmentIncomeNet": "None",
            "netInterestIncome": "-53117000",
            "interestIncome": "11879000",
            "interestExpense": "53117000",
            "nonInterestIncome": "223819000",
            "otherNonOperatingIncome": "None",
            "depreciation": "None",
            "depreciationAndAmortization": "1798000",
            "incomeBeforeTax": "1590403000",
            "incomeTaxExpense": "353684000",
            "interestAndDebtExpense": "53117000",
            "netIncomeFromContinuingOperations": "8527299000",
            "comprehensiveIncomeNetOfTax": "8527299000",
            "ebit": "1643520000",
            "ebitda": "1645318000",
            "netIncome": "1236719000"
        },
        {
            "fiscalDateEnding": "2020-12-31",
            "reportedCurrency": "USD",
            "grossProfit": "7500706000",
            "totalRevenue": "7536923000",
            "costOfRevenue": "36217000",
            "costofGoodsAndServicesSold": "5937401000",
            "operatingIncome": "7467689000",
            "sellingGeneralAndAdministrative": "31704000",
            "researchAndDevelopment": "None",
            "operatingExpenses": "33017000",
            "investmentIncomeNet": "None",
            "netInterestIncome": "-40872000",
            "interestIncome": "17479000",
            "interestExpense": "40872000",
            "nonInterestIncome": "189303000",
            "otherNonOperatingIncome": "None",
            "depreciation": "None",
            "depreciationAndAmortization": "1313000",
            "incomeBeforeTax": "1078033000",
            "incomeTaxExpense": "176785000",
            "interestAndDebtExpense": "40872000",
            "netIncomeFromContinuingOperations": "7290904000",
            "comprehensiveIncomeNetOfTax": "7290904000",
            "ebit": "1118905000",
            "ebitda": "1120218000",
            "netIncome": "901248000"
        },
        {
            "fiscalDateEnding": "2019-12-31",
            "reportedCurrency": "USD",
            "grossProfit": "7384464000",
            "totalRevenue": "7388664000",
            "costOfRevenue": "4200000",
            "costofGoodsAndServicesSold": "5849862000",
            "operatingIncome": "7384464000",
            "sellingGeneralAndAdministrative": "30991000",
            "researchAndDevelopment": "None",
            "operatingExpenses": "31373000",
            "investmentIncomeNet": "None",
            "netInterestIncome": "-25380000",
            "interestIncome": "32777000",
            "interestExpense": "25380000",
            "nonInterestIncome": "142753000",
            "otherNonOperatingIncome": "None",
            "depreciation": "None",
            "depreciationAndAmortization": "382000",
            "incomeBeforeTax": "1025795000",
            "incomeTaxExpense": "147256000",
            "interestAndDebtExpense": "25380000",
            "netIncomeFromContinuingOperations": "7237208000",
            "comprehensiveIncomeNetOfTax": "7237208000",
            "ebit": "1051175000",
            "ebitda": "1051557000",
            "netIncome": "878539000"
        },
        {
            "fiscalDateEnding": "2018-12-31",
            "reportedCurrency": "USD",
            "grossProfit": "7107574000",
            "totalRevenue": "7163674000",
            "costOfRevenue": "56100000",
            "costofGoodsAndServicesSold": "5693172000",
            "operatingIncome": "7054674000",
            "sellingGeneralAndAdministrative": "52900000",
            "researchAndDevelopment": "None",
            "operatingExpenses": "52900000",
            "investmentIncomeNet": "None",
            "netInterestIncome": "-25081000",
            "interestIncome": "20181000",
            "interestExpense": "25081000",
            "nonInterestIncome": "137064000",
            "otherNonOperatingIncome": "None",
            "depreciation": "None",
            "depreciationAndAmortization": "20168000",
            "incomeBeforeTax": "959732000",
            "incomeTaxExpense": "162535000",
            "interestAndDebtExpense": "25081000",
            "netIncomeFromContinuingOperations": "6892139000",
            "comprehensiveIncomeNetOfTax": "6892139000",
            "ebit": "984813000",
            "ebitda": "1004981000",
            "netIncome": "797197000"
        }
    ],
    "quarterlyReports": [
        {
            "fiscalDateEnding": "2022-12-31",
            "reportedCurrency": "USD",
            "grossProfit": "-1000000",
            "totalRevenue": "2712182000",
            "costOfRevenue": "1000000",
            "costofGoodsAndServicesSold": "1993722000",
            "operatingIncome": "-2000000",
            "sellingGeneralAndAdministrative": "8416000",
            "researchAndDevelopment": "None",
            "operatingExpenses": "1000000",
            "investmentIncomeNet": "None",
            "netInterestIncome": "-6899000",
            "interestIncome": "6899000",
            "interestExpense": "6899000",
            "nonInterestIncome": "53219000",
            "otherNonOperatingIncome": "None",
            "depreciation": "None",
            "depreciationAndAmortization": "490000",
            "incomeBeforeTax": "574722000",
            "incomeTaxExpense": "119954000",
            "interestAndDebtExpense": "6899000",
            "netIncomeFromContinuingOperations": "-2000000",
            "comprehensiveIncomeNetOfTax": "-2000000",
            "ebit": "581621000",
            "ebitda": "582111000",
            "netIncome": "454768000"
        },
        {
            "fiscalDateEnding": "2022-09-30",
            "reportedCurrency": "USD",
            "grossProfit": "2766989000",
            "totalRevenue": "2776900000",
            "costOfRevenue": "9911000",
            "costofGoodsAndServicesSold": "2092457000",
            "operatingIncome": "2757078000",
            "sellingGeneralAndAdministrative": "9422000",
            "researchAndDevelopment": "None",
            "operatingExpenses": "9911000",
            "investmentIncomeNet": "None",
            "netInterestIncome": "-7202000",
            "interestIncome": "7202000",
            "interestExpense": "7202000",
            "nonInterestIncome": "-3606000",
            "otherNonOperatingIncome": "None",
            "depreciation": "None",
            "depreciationAndAmortization": "489000",
            "incomeBeforeTax": "538515000",
            "incomeTaxExpense": "127122000",
            "interestAndDebtExpense": "7202000",
            "netIncomeFromContinuingOperations": "2629956000",
            "comprehensiveIncomeNetOfTax": "2629956000",
            "ebit": "545717000",
            "ebitda": "546206000",
            "netIncome": "411393000"
        },
        {
            "fiscalDateEnding": "2022-06-30",
            "reportedCurrency": "USD",
            "grossProfit": "2649941000",
            "totalRevenue": "2658943000",
            "costOfRevenue": "9002000",
            "costofGoodsAndServicesSold": "1924727000",
            "operatingIncome": "2640939000",
            "sellingGeneralAndAdministrative": "8529000",
            "researchAndDevelopment": "None",
            "operatingExpenses": "9002000",
            "investmentIncomeNet": "None",
            "netInterestIncome": "-12257000",
            "interestIncome": "12257000",
            "interestExpense": "12257000",
            "nonInterestIncome": "9296000",
            "otherNonOperatingIncome": "None",
            "depreciation": "None",
            "depreciationAndAmortization": "473000",
            "incomeBeforeTax": "574012000",
            "incomeTaxExpense": "140698000",
            "interestAndDebtExpense": "12257000",
            "netIncomeFromContinuingOperations": "2500241000",
            "comprehensiveIncomeNetOfTax": "2500241000",
            "ebit": "586269000",
            "ebitda": "586742000",
            "netIncome": "433314000"
        },
        {
            "fiscalDateEnding": "2022-03-31",
            "reportedCurrency": "USD",
            "grossProfit": "2369844000",
            "totalRevenue": "2378409000",
            "costOfRevenue": "8565000",
            "costofGoodsAndServicesSold": "1651365000",
            "operatingIncome": "2361279000",
            "sellingGeneralAndAdministrative": "8101000",
            "researchAndDevelopment": "None",
            "operatingExpenses": "8565000",
            "investmentIncomeNet": "None",
            "netInterestIncome": "-13166000",
            "interestIncome": "13166000",
            "interestExpense": "13166000",
            "nonInterestIncome": "86324000",
            "otherNonOperatingIncome": "None",
            "depreciation": "None",
            "depreciationAndAmortization": "464000",
            "incomeBeforeTax": "565945000",
            "incomeTaxExpense": "139845000",
            "interestAndDebtExpense": "13166000",
            "netIncomeFromContinuingOperations": "2221434000",
            "comprehensiveIncomeNetOfTax": "2221434000",
            "ebit": "579111000",
            "ebitda": "579575000",
            "netIncome": "426100000"
        },
        {
            "fiscalDateEnding": "2021-12-31",
            "reportedCurrency": "USD",
            "grossProfit": "-1300000",
            "totalRevenue": "2230341000",
            "costOfRevenue": "1300000",
            "costofGoodsAndServicesSold": "1646050000",
            "operatingIncome": "-2600000",
            "sellingGeneralAndAdministrative": "8528000",
            "researchAndDevelopment": "None",
            "operatingExpenses": "1300000",
            "investmentIncomeNet": "None",
            "netInterestIncome": "-13207000",
            "interestIncome": "13207000",
            "interestExpense": "13207000",
            "nonInterestIncome": "47038000",
            "otherNonOperatingIncome": "None",
            "depreciation": "None",
            "depreciationAndAmortization": "456000",
            "incomeBeforeTax": "426805000",
            "incomeTaxExpense": "92224000",
            "interestAndDebtExpense": "13207000",
            "netIncomeFromContinuingOperations": "-2600000",
            "comprehensiveIncomeNetOfTax": "-2600000",
            "ebit": "440012000",
            "ebitda": "440468000",
            "netIncome": "334581000"
        },
        {
            "fiscalDateEnding": "2021-09-30",
            "reportedCurrency": "USD",
            "grossProfit": "2387280000",
            "totalRevenue": "2395640000",
            "costOfRevenue": "8360000",
            "costofGoodsAndServicesSold": "1817939000",
            "operatingIncome": "2378920000",
            "sellingGeneralAndAdministrative": "7906000",
            "researchAndDevelopment": "None",
            "operatingExpenses": "8360000",
            "investmentIncomeNet": "None",
            "netInterestIncome": "-13243000",
            "interestIncome": "13243000",
            "interestExpense": "13243000",
            "nonInterestIncome": "43806000",
            "otherNonOperatingIncome": "None",
            "depreciation": "None",
            "depreciationAndAmortization": "454000",
            "incomeBeforeTax": "434127000",
            "incomeTaxExpense": "102046000",
            "interestAndDebtExpense": "13243000",
            "netIncomeFromContinuingOperations": "332081000",
            "comprehensiveIncomeNetOfTax": "332081000",
            "ebit": "447370000",
            "ebitda": "447824000",
            "netIncome": "332081000"
        },
        {
            "fiscalDateEnding": "2021-06-30",
            "reportedCurrency": "USD",
            "grossProfit": "2275242000",
            "totalRevenue": "2283598000",
            "costOfRevenue": "8356000",
            "costofGoodsAndServicesSold": "1721673000",
            "operatingIncome": "2266886000",
            "sellingGeneralAndAdministrative": "7911000",
            "researchAndDevelopment": "None",
            "operatingExpenses": "8356000",
            "investmentIncomeNet": "None",
            "netInterestIncome": "-13270000",
            "interestIncome": "13270000",
            "interestExpense": "13270000",
            "nonInterestIncome": "49294000",
            "otherNonOperatingIncome": "None",
            "depreciation": "None",
            "depreciationAndAmortization": "445000",
            "incomeBeforeTax": "417465000",
            "incomeTaxExpense": "96170000",
            "interestAndDebtExpense": "13270000",
            "netIncomeFromContinuingOperations": "2170716000",
            "comprehensiveIncomeNetOfTax": "2170716000",
            "ebit": "430735000",
            "ebitda": "431180000",
            "netIncome": "321295000"
        },
        {
            "fiscalDateEnding": "2021-03-31",
            "reportedCurrency": "USD",
            "grossProfit": "2033426000",
            "totalRevenue": "2041446000",
            "costOfRevenue": "8020000",
            "costofGoodsAndServicesSold": "1577453000",
            "operatingIncome": "2025406000",
            "sellingGeneralAndAdministrative": "7577000",
            "researchAndDevelopment": "None",
            "operatingExpenses": "8020000",
            "investmentIncomeNet": "None",
            "netInterestIncome": "-13397000",
            "interestIncome": "13397000",
            "interestExpense": "13397000",
            "nonInterestIncome": "83681000",
            "otherNonOperatingIncome": "None",
            "depreciation": "None",
            "depreciationAndAmortization": "443000",
            "incomeBeforeTax": "312006000",
            "incomeTaxExpense": "63244000",
            "interestAndDebtExpense": "13397000",
            "netIncomeFromContinuingOperations": "1962162000",
            "comprehensiveIncomeNetOfTax": "1962162000",
            "ebit": "325403000",
            "ebitda": "325846000",
            "netIncome": "248762000"
        },
        {
            "fiscalDateEnding": "2020-12-31",
            "reportedCurrency": "USD",
            "grossProfit": "5000000",
            "totalRevenue": "2344015000",
            "costOfRevenue": "11801000",
            "costofGoodsAndServicesSold": "1822121000",
            "operatingIncome": "5000000",
            "sellingGeneralAndAdministrative": "8162000",
            "researchAndDevelopment": "None",
            "operatingExpenses": "8601000",
            "investmentIncomeNet": "None",
            "netInterestIncome": "-13174000",
            "interestIncome": "13174000",
            "interestExpense": "13174000",
            "nonInterestIncome": "5000000",
            "otherNonOperatingIncome": "None",
            "depreciation": "None",
            "depreciationAndAmortization": "439000",
            "incomeBeforeTax": "385370000",
            "incomeTaxExpense": "80366000",
            "interestAndDebtExpense": "13174000",
            "netIncomeFromContinuingOperations": "5000000",
            "comprehensiveIncomeNetOfTax": "5000000",
            "ebit": "398544000",
            "ebitda": "398983000",
            "netIncome": "305004000"
        },
        {
            "fiscalDateEnding": "2020-09-30",
            "reportedCurrency": "USD",
            "grossProfit": "1981996000",
            "totalRevenue": "1990012000",
            "costOfRevenue": "8016000",
            "costofGoodsAndServicesSold": "1536044000",
            "operatingIncome": "1973980000",
            "sellingGeneralAndAdministrative": "7689000",
            "researchAndDevelopment": "None",
            "operatingExpenses": "8016000",
            "investmentIncomeNet": "None",
            "netInterestIncome": "-11687000",
            "interestIncome": "11687000",
            "interestExpense": "11687000",
            "nonInterestIncome": "60509000",
            "otherNonOperatingIncome": "None",
            "depreciation": "None",
            "depreciationAndAmortization": "327000",
            "incomeBeforeTax": "321457000",
            "incomeTaxExpense": "64991000",
            "interestAndDebtExpense": "11687000",
            "netIncomeFromContinuingOperations": "1908989000",
            "comprehensiveIncomeNetOfTax": "1908989000",
            "ebit": "333144000",
            "ebitda": "333471000",
            "netIncome": "256466000"
        },
        {
            "fiscalDateEnding": "2020-06-30",
            "reportedCurrency": "USD",
            "grossProfit": "1612145000",
            "totalRevenue": "1620368000",
            "costOfRevenue": "8223000",
            "costofGoodsAndServicesSold": "1284493000",
            "operatingIncome": "1603922000",
            "sellingGeneralAndAdministrative": "7942000",
            "researchAndDevelopment": "None",
            "operatingExpenses": "8223000",
            "investmentIncomeNet": "None",
            "netInterestIncome": "-9525000",
            "interestIncome": "9525000",
            "interestExpense": "9525000",
            "nonInterestIncome": "30192000",
            "otherNonOperatingIncome": "None",
            "depreciation": "None",
            "depreciationAndAmortization": "281000",
            "incomeBeforeTax": "209831000",
            "incomeTaxExpense": "45756000",
            "interestAndDebtExpense": "9525000",
            "netIncomeFromContinuingOperations": "1558166000",
            "comprehensiveIncomeNetOfTax": "1558166000",
            "ebit": "219356000",
            "ebitda": "219637000",
            "netIncome": "164075000"
        },
        {
            "fiscalDateEnding": "2020-03-31",
            "reportedCurrency": "USD",
            "grossProfit": "1574350000",
            "totalRevenue": "1582528000",
            "costOfRevenue": "8177000",
            "costofGoodsAndServicesSold": "1295015000",
            "operatingIncome": "1566173000",
            "sellingGeneralAndAdministrative": "7911000",
            "researchAndDevelopment": "None",
            "operatingExpenses": "8177000",
            "investmentIncomeNet": "None",
            "netInterestIncome": "-6486000",
            "interestIncome": "6486000",
            "interestExpense": "6486000",
            "nonInterestIncome": "21790000",
            "otherNonOperatingIncome": "None",
            "depreciation": "None",
            "depreciationAndAmortization": "266000",
            "incomeBeforeTax": "161375000",
            "incomeTaxExpense": "-14328000",
            "interestAndDebtExpense": "6486000",
            "netIncomeFromContinuingOperations": "1580501000",
            "comprehensiveIncomeNetOfTax": "1580501000",
            "ebit": "167861000",
            "ebitda": "168127000",
            "netIncome": "175703000"
        },
        {
            "fiscalDateEnding": "2019-12-31",
            "reportedCurrency": "USD",
            "grossProfit": "2010917000",
            "totalRevenue": "1990195000",
            "costOfRevenue": "-20722000",
            "costofGoodsAndServicesSold": "1567662000",
            "operatingIncome": "2035839000",
            "sellingGeneralAndAdministrative": "6215000",
            "researchAndDevelopment": "None",
            "operatingExpenses": "6451000",
            "investmentIncomeNet": "None",
            "netInterestIncome": "-6571000",
            "interestIncome": "6571000",
            "interestExpense": "6571000",
            "nonInterestIncome": "29912000",
            "otherNonOperatingIncome": "None",
            "depreciation": "None",
            "depreciationAndAmortization": "236000",
            "incomeBeforeTax": "295302000",
            "incomeTaxExpense": "39165000",
            "interestAndDebtExpense": "6571000",
            "netIncomeFromContinuingOperations": "1996674000",
            "comprehensiveIncomeNetOfTax": "1996674000",
            "ebit": "301873000",
            "ebitda": "302109000",
            "netIncome": "256137000"
        },
        {
            "fiscalDateEnding": "2019-09-30",
            "reportedCurrency": "USD",
            "grossProfit": "1902310000",
            "totalRevenue": "1911264000",
            "costOfRevenue": "8954000",
            "costofGoodsAndServicesSold": "1518561000",
            "operatingIncome": "1893356000",
            "sellingGeneralAndAdministrative": "8829000",
            "researchAndDevelopment": "None",
            "operatingExpenses": "8954000",
            "investmentIncomeNet": "None",
            "netInterestIncome": "-6293000",
            "interestIncome": "6293000",
            "interestExpense": "6293000",
            "nonInterestIncome": "19060000",
            "otherNonOperatingIncome": "None",
            "depreciation": "None",
            "depreciationAndAmortization": "125000",
            "incomeBeforeTax": "267174000",
            "incomeTaxExpense": "43387000",
            "interestAndDebtExpense": "6293000",
            "netIncomeFromContinuingOperations": "1849969000",
            "comprehensiveIncomeNetOfTax": "1849969000",
            "ebit": "273467000",
            "ebitda": "273592000",
            "netIncome": "223787000"
        },
        {
            "fiscalDateEnding": "2019-06-30",
            "reportedCurrency": "USD",
            "grossProfit": "1800194000",
            "totalRevenue": "1800194000",
            "costOfRevenue": "8408000",
            "costofGoodsAndServicesSold": "1425656000",
            "operatingIncome": "1800194000",
            "sellingGeneralAndAdministrative": "8387000",
            "researchAndDevelopment": "None",
            "operatingExpenses": "8408000",
            "investmentIncomeNet": "None",
            "netInterestIncome": "-6301000",
            "interestIncome": "6301000",
            "interestExpense": "6301000",
            "nonInterestIncome": "35606000",
            "otherNonOperatingIncome": "None",
            "depreciation": "None",
            "depreciationAndAmortization": "21000",
            "incomeBeforeTax": "244712000",
            "incomeTaxExpense": "34503000",
            "interestAndDebtExpense": "6301000",
            "netIncomeFromContinuingOperations": "1765691000",
            "comprehensiveIncomeNetOfTax": "1765691000",
            "ebit": "251013000",
            "ebitda": "251034000",
            "netIncome": "210209000"
        },
        {
            "fiscalDateEnding": "2019-03-31",
            "reportedCurrency": "USD",
            "grossProfit": "1687011000",
            "totalRevenue": "1687011000",
            "costOfRevenue": "7560000",
            "costofGoodsAndServicesSold": "1339028000",
            "operatingIncome": "1687011000",
            "sellingGeneralAndAdministrative": "7560000",
            "researchAndDevelopment": "None",
            "operatingExpenses": "7560000",
            "investmentIncomeNet": "None",
            "netInterestIncome": "-6215000",
            "interestIncome": "None",
            "interestExpense": "6215000",
            "nonInterestIncome": "58175000",
            "otherNonOperatingIncome": "None",
            "depreciation": "None",
            "depreciationAndAmortization": "0",
            "incomeBeforeTax": "218607000",
            "incomeTaxExpense": "30201000",
            "interestAndDebtExpense": "6215000",
            "netIncomeFromContinuingOperations": "1656810000",
            "comprehensiveIncomeNetOfTax": "1656810000",
            "ebit": "224822000",
            "ebitda": "224822000",
            "netIncome": "188406000"
        },
        {
            "fiscalDateEnding": "2018-12-31",
            "reportedCurrency": "USD",
            "grossProfit": "1990138000",
            "totalRevenue": "1994548000",
            "costOfRevenue": "4410000",
            "costofGoodsAndServicesSold": "1590994000",
            "operatingIncome": "1988928000",
            "sellingGeneralAndAdministrative": "1210000",
            "researchAndDevelopment": "None",
            "operatingExpenses": "1210000",
            "investmentIncomeNet": "None",
            "netInterestIncome": "-6273000",
            "interestIncome": "None",
            "interestExpense": "6273000",
            "nonInterestIncome": "31018000",
            "otherNonOperatingIncome": "None",
            "depreciation": "None",
            "depreciationAndAmortization": "5115000",
            "incomeBeforeTax": "277438000",
            "incomeTaxExpense": "45280000",
            "interestAndDebtExpense": "6273000",
            "netIncomeFromContinuingOperations": "1943648000",
            "comprehensiveIncomeNetOfTax": "1943648000",
            "ebit": "283711000",
            "ebitda": "288826000",
            "netIncome": "232158000"
        },
        {
            "fiscalDateEnding": "2018-09-30",
            "reportedCurrency": "USD",
            "grossProfit": "1828821000",
            "totalRevenue": "1852407000",
            "costOfRevenue": "23586000",
            "costofGoodsAndServicesSold": "1472878000",
            "operatingIncome": "1805235000",
            "sellingGeneralAndAdministrative": "23586000",
            "researchAndDevelopment": "None",
            "operatingExpenses": "23586000",
            "investmentIncomeNet": "None",
            "netInterestIncome": "-6197000",
            "interestIncome": "None",
            "interestExpense": "6197000",
            "nonInterestIncome": "31732000",
            "otherNonOperatingIncome": "None",
            "depreciation": "None",
            "depreciationAndAmortization": "5029000",
            "incomeBeforeTax": "249710000",
            "incomeTaxExpense": "53894000",
            "interestAndDebtExpense": "6197000",
            "netIncomeFromContinuingOperations": "1751341000",
            "comprehensiveIncomeNetOfTax": "1751341000",
            "ebit": "255907000",
            "ebitda": "260936000",
            "netIncome": "195816000"
        },
        {
            "fiscalDateEnding": "2018-06-30",
            "reportedCurrency": "USD",
            "grossProfit": "1768710000",
            "totalRevenue": "1787305000",
            "costOfRevenue": "18595000",
            "costofGoodsAndServicesSold": "1417079000",
            "operatingIncome": "1750115000",
            "sellingGeneralAndAdministrative": "18595000",
            "researchAndDevelopment": "None",
            "operatingExpenses": "18595000",
            "investmentIncomeNet": "None",
            "netInterestIncome": "-6329000",
            "interestIncome": "None",
            "interestExpense": "6329000",
            "nonInterestIncome": "33156000",
            "otherNonOperatingIncome": "None",
            "depreciation": "None",
            "depreciationAndAmortization": "4988000",
            "incomeBeforeTax": "241586000",
            "incomeTaxExpense": "38412000",
            "interestAndDebtExpense": "6329000",
            "netIncomeFromContinuingOperations": "1711703000",
            "comprehensiveIncomeNetOfTax": "1711703000",
            "ebit": "247915000",
            "ebitda": "252903000",
            "netIncome": "203174000"
        },
        {
            "fiscalDateEnding": "2018-03-31",
            "reportedCurrency": "USD",
            "grossProfit": "1529414000",
            "totalRevenue": "1529414000",
            "costOfRevenue": "9509000",
            "costofGoodsAndServicesSold": "1212221000",
            "operatingIncome": "1529414000",
            "sellingGeneralAndAdministrative": "9509000",
            "researchAndDevelopment": "None",
            "operatingExpenses": "9509000",
            "investmentIncomeNet": "None",
            "netInterestIncome": "-6282000",
            "interestIncome": "None",
            "interestExpense": "6282000",
            "nonInterestIncome": "41158000",
            "otherNonOperatingIncome": "None",
            "depreciation": "None",
            "depreciationAndAmortization": "5036000",
            "incomeBeforeTax": "190998000",
            "incomeTaxExpense": "24949000",
            "interestAndDebtExpense": "6282000",
            "netIncomeFromContinuingOperations": "1504465000",
            "comprehensiveIncomeNetOfTax": "1504465000",
            "ebit": "197280000",
            "ebitda": "202316000",
            "netIncome": "166049000"
        }
    ]
}