{
    "symbol": "RHI",
    "annualReports": [
        {
            "fiscalDateEnding": "2022-12-31",
            "reportedCurrency": "USD",
            "grossProfit": "3094049000",
            "totalRevenue": "7246150000",
            "costOfRevenue": "6176917000",
            "costofGoodsAndServicesSold": "4144093000",
            "operatingIncome": "890614000",
            "sellingGeneralAndAdministrative": "2117296000",
            "researchAndDevelopment": "None",
            "operatingExpenses": "2127734000",
            "investmentIncomeNet": "None",
            "netInterestIncome": "8008000",
            "interestIncome": "8008000",
            "interestExpense": "8008000",
            "nonInterestIncome": "7238142000",
            "otherNonOperatingIncome": "None",
            "depreciation": "47398000",
            "depreciationAndAmortization": "1667000",
            "incomeBeforeTax": "896955000",
            "incomeTaxExpense": "239036000",
            "interestAndDebtExpense": "None",
            "netIncomeFromContinuingOperations": "657919000",
            "comprehensiveIncomeNetOfTax": "636918000",
            "ebit": "890614000",
            "ebitda": "892281000",
            "netIncome": "657919000"
        },
        {
            "fiscalDateEnding": "2021-12-31",
            "reportedCurrency": "USD",
            "grossProfit": "2696028000",
            "totalRevenue": "6461641000",
            "costOfRevenue": "5718939000",
            "costofGoodsAndServicesSold": "3765416000",
            "operatingIncome": "805824000",
            "sellingGeneralAndAdministrative": "1951282000",
            "researchAndDevelopment": "None",
            "operatingExpenses": "1962987000",
            "investmentIncomeNet": "None",
            "netInterestIncome": "197000",
            "interestIncome": "197000",
            "interestExpense": "61078000",
            "nonInterestIncome": "6461444000",
            "otherNonOperatingIncome": "None",
            "depreciation": "52210000",
            "depreciationAndAmortization": "2241000",
            "incomeBeforeTax": "803780000",
            "incomeTaxExpense": "205154000",
            "interestAndDebtExpense": "None",
            "netIncomeFromContinuingOperations": "598626000",
            "comprehensiveIncomeNetOfTax": "580736000",
            "ebit": "805824000",
            "ebitda": "808065000",
            "netIncome": "598626000"
        },
        {
            "fiscalDateEnding": "2020-12-31",
            "reportedCurrency": "USD",
            "grossProfit": "2012611000",
            "totalRevenue": "5110343000",
            "costOfRevenue": "4838837000",
            "costofGoodsAndServicesSold": "3096389000",
            "operatingIncome": "421758000",
            "sellingGeneralAndAdministrative": "1666041000",
            "researchAndDevelopment": "None",
            "operatingExpenses": "1671460000",
            "investmentIncomeNet": "None",
            "netInterestIncome": "1343000",
            "interestIncome": "1343000",
            "interestExpense": "151719000",
            "nonInterestIncome": "5109000000",
            "otherNonOperatingIncome": "None",
            "depreciation": "62281000",
            "depreciationAndAmortization": "1219000",
            "incomeBeforeTax": "421882000",
            "incomeTaxExpense": "115606000",
            "interestAndDebtExpense": "None",
            "netIncomeFromContinuingOperations": "306276000",
            "comprehensiveIncomeNetOfTax": "321530000",
            "ebit": "421758000",
            "ebitda": "422977000",
            "netIncome": "306276000"
        },
        {
            "fiscalDateEnding": "2019-12-31",
            "reportedCurrency": "USD",
            "grossProfit": "2525129000",
            "totalRevenue": "6079557000",
            "costOfRevenue": "5454042000",
            "costofGoodsAndServicesSold": "3549303000",
            "operatingIncome": "621751000",
            "sellingGeneralAndAdministrative": "1958295000",
            "researchAndDevelopment": "None",
            "operatingExpenses": "1919997000",
            "investmentIncomeNet": "None",
            "netInterestIncome": "5125000",
            "interestIncome": "5125000",
            "interestExpense": "5125000",
            "nonInterestIncome": "6074432000",
            "otherNonOperatingIncome": "None",
            "depreciation": "64264000",
            "depreciationAndAmortization": "1361000",
            "incomeBeforeTax": "625515000",
            "incomeTaxExpense": "171082000",
            "interestAndDebtExpense": "None",
            "netIncomeFromContinuingOperations": "454433000",
            "comprehensiveIncomeNetOfTax": "450556000",
            "ebit": "621751000",
            "ebitda": "623112000",
            "netIncome": "454433000"
        },
        {
            "fiscalDateEnding": "2018-12-31",
            "reportedCurrency": "USD",
            "grossProfit": "2411012000",
            "totalRevenue": "5804653000",
            "costOfRevenue": "5213051000",
            "costofGoodsAndServicesSold": "3389259000",
            "operatingIncome": "588925000",
            "sellingGeneralAndAdministrative": "1810601000",
            "researchAndDevelopment": "None",
            "operatingExpenses": "1834708000",
            "investmentIncomeNet": "None",
            "netInterestIncome": "4382000",
            "interestIncome": "4382000",
            "interestExpense": "11486000",
            "nonInterestIncome": "5800271000",
            "otherNonOperatingIncome": "None",
            "depreciation": "64244000",
            "depreciationAndAmortization": "1705000",
            "incomeBeforeTax": "591602000",
            "incomeTaxExpense": "157314000",
            "interestAndDebtExpense": "None",
            "netIncomeFromContinuingOperations": "434288000",
            "comprehensiveIncomeNetOfTax": "414672000",
            "ebit": "588925000",
            "ebitda": "590630000",
            "netIncome": "434288000"
        }
    ],
    "quarterlyReports": [
        {
            "fiscalDateEnding": "2022-12-31",
            "reportedCurrency": "USD",
            "grossProfit": "719047000",
            "totalRevenue": "1731804000",
            "costOfRevenue": "1578344000",
            "costofGoodsAndServicesSold": "1007979000",
            "operatingIncome": "198737000",
            "sellingGeneralAndAdministrative": "545129000",
            "researchAndDevelopment": "None",
            "operatingExpenses": "548434000",
            "investmentIncomeNet": "None",
            "netInterestIncome": "4778000",
            "interestIncome": "4778000",
            "interestExpense": "4778000",
            "nonInterestIncome": "1727026000",
            "otherNonOperatingIncome": "None",
            "depreciation": "12629000",
            "depreciationAndAmortization": "417000",
            "incomeBeforeTax": "203098000",
            "incomeTaxExpense": "55445000",
            "interestAndDebtExpense": "None",
            "netIncomeFromContinuingOperations": "147653000",
            "comprehensiveIncomeNetOfTax": "175789000",
            "ebit": "198737000",
            "ebitda": "199154000",
            "netIncome": "147653000"
        },
        {
            "fiscalDateEnding": "2022-09-30",
            "reportedCurrency": "USD",
            "grossProfit": "787609000",
            "totalRevenue": "1835801000",
            "costOfRevenue": "1579507000",
            "costofGoodsAndServicesSold": "1045846000",
            "operatingIncome": "223695000",
            "sellingGeneralAndAdministrative": "548579000",
            "researchAndDevelopment": "None",
            "operatingExpenses": "548996000",
            "investmentIncomeNet": "None",
            "netInterestIncome": "2346000",
            "interestIncome": "2346000",
            "interestExpense": "2346000",
            "nonInterestIncome": "1833455000",
            "otherNonOperatingIncome": "None",
            "depreciation": "11862000",
            "depreciationAndAmortization": "417000",
            "incomeBeforeTax": "225624000",
            "incomeTaxExpense": "59418000",
            "interestAndDebtExpense": "None",
            "netIncomeFromContinuingOperations": "166206000",
            "comprehensiveIncomeNetOfTax": "142054000",
            "ebit": "223695000",
            "ebitda": "224112000",
            "netIncome": "166206000"
        },
        {
            "fiscalDateEnding": "2022-06-30",
            "reportedCurrency": "USD",
            "grossProfit": "815547000",
            "totalRevenue": "1863545000",
            "costOfRevenue": "1491468000",
            "costofGoodsAndServicesSold": "1047280000",
            "operatingIncome": "240531000",
            "sellingGeneralAndAdministrative": "509394000",
            "researchAndDevelopment": "None",
            "operatingExpenses": "509810000",
            "investmentIncomeNet": "None",
            "netInterestIncome": "718000",
            "interestIncome": "718000",
            "interestExpense": "718000",
            "nonInterestIncome": "1862827000",
            "otherNonOperatingIncome": "None",
            "depreciation": "11827000",
            "depreciationAndAmortization": "416000",
            "incomeBeforeTax": "240833000",
            "incomeTaxExpense": "65012000",
            "interestAndDebtExpense": "None",
            "netIncomeFromContinuingOperations": "175821000",
            "comprehensiveIncomeNetOfTax": "151788000",
            "ebit": "240531000",
            "ebitda": "240947000",
            "netIncome": "175821000"
        },
        {
            "fiscalDateEnding": "2022-03-31",
            "reportedCurrency": "USD",
            "grossProfit": "771846000",
            "totalRevenue": "1815000000",
            "costOfRevenue": "1527598000",
            "costofGoodsAndServicesSold": "1042988000",
            "operatingIncome": "227651000",
            "sellingGeneralAndAdministrative": "514194000",
            "researchAndDevelopment": "None",
            "operatingExpenses": "516676000",
            "investmentIncomeNet": "None",
            "netInterestIncome": "166000",
            "interestIncome": "166000",
            "interestExpense": "166000",
            "nonInterestIncome": "1814834000",
            "otherNonOperatingIncome": "None",
            "depreciation": "11080000",
            "depreciationAndAmortization": "417000",
            "incomeBeforeTax": "227400000",
            "incomeTaxExpense": "59161000",
            "interestAndDebtExpense": "None",
            "netIncomeFromContinuingOperations": "168239000",
            "comprehensiveIncomeNetOfTax": "167287000",
            "ebit": "227651000",
            "ebitda": "228068000",
            "netIncome": "168239000"
        },
        {
            "fiscalDateEnding": "2021-12-31",
            "reportedCurrency": "USD",
            "grossProfit": "744119000",
            "totalRevenue": "1769969000",
            "costOfRevenue": "61078000",
            "costofGoodsAndServicesSold": "1025798000",
            "operatingIncome": "222607000",
            "sellingGeneralAndAdministrative": "544551000",
            "researchAndDevelopment": "None",
            "operatingExpenses": "547270000",
            "investmentIncomeNet": "None",
            "netInterestIncome": "52000",
            "interestIncome": "52000",
            "interestExpense": "23040000",
            "nonInterestIncome": "1769917000",
            "otherNonOperatingIncome": "None",
            "depreciation": "11674000",
            "depreciationAndAmortization": "517000",
            "incomeBeforeTax": "222142000",
            "incomeTaxExpense": "54198000",
            "interestAndDebtExpense": "None",
            "netIncomeFromContinuingOperations": "-122156000",
            "comprehensiveIncomeNetOfTax": "164422000",
            "ebit": "222607000",
            "ebitda": "223124000",
            "netIncome": "167944000"
        },
        {
            "fiscalDateEnding": "2021-09-30",
            "reportedCurrency": "USD",
            "grossProfit": "725327000",
            "totalRevenue": "1712804000",
            "costOfRevenue": "1481628000",
            "costofGoodsAndServicesSold": "987239000",
            "operatingIncome": "227992000",
            "sellingGeneralAndAdministrative": "495576000",
            "researchAndDevelopment": "None",
            "operatingExpenses": "496148000",
            "investmentIncomeNet": "None",
            "netInterestIncome": "238000",
            "interestIncome": "238000",
            "interestExpense": "1759000",
            "nonInterestIncome": "1712566000",
            "otherNonOperatingIncome": "None",
            "depreciation": "12821000",
            "depreciationAndAmortization": "572000",
            "incomeBeforeTax": "227658000",
            "incomeTaxExpense": "56787000",
            "interestAndDebtExpense": "None",
            "netIncomeFromContinuingOperations": "170871000",
            "comprehensiveIncomeNetOfTax": "160863000",
            "ebit": "227992000",
            "ebitda": "228564000",
            "netIncome": "170871000"
        },
        {
            "fiscalDateEnding": "2021-06-30",
            "reportedCurrency": "USD",
            "grossProfit": "664872000",
            "totalRevenue": "1580430000",
            "costOfRevenue": "1432188000",
            "costofGoodsAndServicesSold": "915709000",
            "operatingIncome": "204589000",
            "sellingGeneralAndAdministrative": "488093000",
            "researchAndDevelopment": "None",
            "operatingExpenses": "488669000",
            "investmentIncomeNet": "None",
            "netInterestIncome": "-151000",
            "interestIncome": "151000",
            "interestExpense": "27810000",
            "nonInterestIncome": "1580581000",
            "otherNonOperatingIncome": "None",
            "depreciation": "13753000",
            "depreciationAndAmortization": "576000",
            "incomeBeforeTax": "203862000",
            "incomeTaxExpense": "54649000",
            "interestAndDebtExpense": "None",
            "netIncomeFromContinuingOperations": "149213000",
            "comprehensiveIncomeNetOfTax": "153650000",
            "ebit": "204589000",
            "ebitda": "205165000",
            "netIncome": "149213000"
        },
        {
            "fiscalDateEnding": "2021-03-31",
            "reportedCurrency": "USD",
            "grossProfit": "561711000",
            "totalRevenue": "1398425000",
            "costOfRevenue": "1272295000",
            "costofGoodsAndServicesSold": "836669000",
            "operatingIncome": "150637000",
            "sellingGeneralAndAdministrative": "423062000",
            "researchAndDevelopment": "None",
            "operatingExpenses": "426795000",
            "investmentIncomeNet": "None",
            "netInterestIncome": "45000",
            "interestIncome": "45000",
            "interestExpense": "45000",
            "nonInterestIncome": "1398380000",
            "otherNonOperatingIncome": "None",
            "depreciation": "13962000",
            "depreciationAndAmortization": "576000",
            "incomeBeforeTax": "150106000",
            "incomeTaxExpense": "39508000",
            "interestAndDebtExpense": "None",
            "netIncomeFromContinuingOperations": "110598000",
            "comprehensiveIncomeNetOfTax": "101801000",
            "ebit": "150637000",
            "ebitda": "151213000",
            "netIncome": "110598000"
        },
        {
            "fiscalDateEnding": "2020-12-31",
            "reportedCurrency": "USD",
            "grossProfit": "514342000",
            "totalRevenue": "1304086000",
            "costOfRevenue": "81500000",
            "costofGoodsAndServicesSold": "789759000",
            "operatingIncome": "129723000",
            "sellingGeneralAndAdministrative": "425162000",
            "researchAndDevelopment": "None",
            "operatingExpenses": "81500000",
            "investmentIncomeNet": "None",
            "netInterestIncome": "79000",
            "interestIncome": "79000",
            "interestExpense": "79000",
            "nonInterestIncome": "1304086000",
            "otherNonOperatingIncome": "None",
            "depreciation": "15184000",
            "depreciationAndAmortization": "217000",
            "incomeBeforeTax": "129585000",
            "incomeTaxExpense": "35169000",
            "interestAndDebtExpense": "None",
            "netIncomeFromContinuingOperations": "129585000",
            "comprehensiveIncomeNetOfTax": "105680000",
            "ebit": "129723000",
            "ebitda": "129940000",
            "netIncome": "94416000"
        },
        {
            "fiscalDateEnding": "2020-09-30",
            "reportedCurrency": "USD",
            "grossProfit": "467346000",
            "totalRevenue": "1190099000",
            "costOfRevenue": "1139779000",
            "costofGoodsAndServicesSold": "722551000",
            "operatingIncome": "102642000",
            "sellingGeneralAndAdministrative": "390799000",
            "researchAndDevelopment": "None",
            "operatingExpenses": "391133000",
            "investmentIncomeNet": "None",
            "netInterestIncome": "202000",
            "interestIncome": "202000",
            "interestExpense": "202000",
            "nonInterestIncome": "1189897000",
            "otherNonOperatingIncome": "None",
            "depreciation": "15588000",
            "depreciationAndAmortization": "334000",
            "incomeBeforeTax": "102510000",
            "incomeTaxExpense": "26761000",
            "interestAndDebtExpense": "None",
            "netIncomeFromContinuingOperations": "75749000",
            "comprehensiveIncomeNetOfTax": "86905000",
            "ebit": "102642000",
            "ebitda": "102976000",
            "netIncome": "75749000"
        },
        {
            "fiscalDateEnding": "2020-06-30",
            "reportedCurrency": "USD",
            "grossProfit": "416535000",
            "totalRevenue": "1108431000",
            "costOfRevenue": "1050407000",
            "costofGoodsAndServicesSold": "691791000",
            "operatingIncome": "58249000",
            "sellingGeneralAndAdministrative": "407213000",
            "researchAndDevelopment": "None",
            "operatingExpenses": "365158000",
            "investmentIncomeNet": "None",
            "netInterestIncome": "105000",
            "interestIncome": "105000",
            "interestExpense": "105000",
            "nonInterestIncome": "1108326000",
            "otherNonOperatingIncome": "None",
            "depreciation": "15596000",
            "depreciationAndAmortization": "330000",
            "incomeBeforeTax": "58024000",
            "incomeTaxExpense": "11828000",
            "interestAndDebtExpense": "None",
            "netIncomeFromContinuingOperations": "46196000",
            "comprehensiveIncomeNetOfTax": "52730000",
            "ebit": "58249000",
            "ebitda": "58579000",
            "netIncome": "46196000"
        },
        {
            "fiscalDateEnding": "2020-03-31",
            "reportedCurrency": "USD",
            "grossProfit": "614388000",
            "totalRevenue": "1507648000",
            "costOfRevenue": "1375885000",
            "costofGoodsAndServicesSold": "892303000",
            "operatingIncome": "131144000",
            "sellingGeneralAndAdministrative": "442868000",
            "researchAndDevelopment": "None",
            "operatingExpenses": "484601000",
            "investmentIncomeNet": "None",
            "netInterestIncome": "957000",
            "interestIncome": "957000",
            "interestExpense": "40376000",
            "nonInterestIncome": "1506691000",
            "otherNonOperatingIncome": "None",
            "depreciation": "15913000",
            "depreciationAndAmortization": "338000",
            "incomeBeforeTax": "131763000",
            "incomeTaxExpense": "41848000",
            "interestAndDebtExpense": "None",
            "netIncomeFromContinuingOperations": "89915000",
            "comprehensiveIncomeNetOfTax": "76215000",
            "ebit": "131144000",
            "ebitda": "131482000",
            "netIncome": "89915000"
        },
        {
            "fiscalDateEnding": "2019-12-31",
            "reportedCurrency": "USD",
            "grossProfit": "636861000",
            "totalRevenue": "1537385000",
            "costOfRevenue": "1384495000",
            "costofGoodsAndServicesSold": "900524000",
            "operatingIncome": "153229000",
            "sellingGeneralAndAdministrative": "503921000",
            "researchAndDevelopment": "None",
            "operatingExpenses": "489421000",
            "investmentIncomeNet": "None",
            "netInterestIncome": "1357000",
            "interestIncome": "1357000",
            "interestExpense": "1357000",
            "nonInterestIncome": "1537385000",
            "otherNonOperatingIncome": "None",
            "depreciation": "15779000",
            "depreciationAndAmortization": "339000",
            "incomeBeforeTax": "154247000",
            "incomeTaxExpense": "41405000",
            "interestAndDebtExpense": "None",
            "netIncomeFromContinuingOperations": "154247000",
            "comprehensiveIncomeNetOfTax": "118727000",
            "ebit": "153229000",
            "ebitda": "153568000",
            "netIncome": "112842000"
        },
        {
            "fiscalDateEnding": "2019-09-30",
            "reportedCurrency": "USD",
            "grossProfit": "646278000",
            "totalRevenue": "1553362000",
            "costOfRevenue": "1389580000",
            "costofGoodsAndServicesSold": "905854000",
            "operatingIncome": "162891000",
            "sellingGeneralAndAdministrative": "484837000",
            "researchAndDevelopment": "None",
            "operatingExpenses": "483894000",
            "investmentIncomeNet": "None",
            "netInterestIncome": "1230000",
            "interestIncome": "1230000",
            "interestExpense": "1230000",
            "nonInterestIncome": "1552132000",
            "otherNonOperatingIncome": "None",
            "depreciation": "16745000",
            "depreciationAndAmortization": "339000",
            "incomeBeforeTax": "163782000",
            "incomeTaxExpense": "46601000",
            "interestAndDebtExpense": "None",
            "netIncomeFromContinuingOperations": "117181000",
            "comprehensiveIncomeNetOfTax": "107170000",
            "ebit": "162891000",
            "ebitda": "163230000",
            "netIncome": "117181000"
        },
        {
            "fiscalDateEnding": "2019-06-30",
            "reportedCurrency": "USD",
            "grossProfit": "636589000",
            "totalRevenue": "1517427000",
            "costOfRevenue": "1357324000",
            "costofGoodsAndServicesSold": "878844000",
            "operatingIncome": "159402000",
            "sellingGeneralAndAdministrative": "478139000",
            "researchAndDevelopment": "None",
            "operatingExpenses": "478480000",
            "investmentIncomeNet": "None",
            "netInterestIncome": "1042000",
            "interestIncome": "1042000",
            "interestExpense": "1042000",
            "nonInterestIncome": "1516385000",
            "otherNonOperatingIncome": "None",
            "depreciation": "16088000",
            "depreciationAndAmortization": "341000",
            "incomeBeforeTax": "160103000",
            "incomeTaxExpense": "45491000",
            "interestAndDebtExpense": "None",
            "netIncomeFromContinuingOperations": "114612000",
            "comprehensiveIncomeNetOfTax": "116758000",
            "ebit": "159402000",
            "ebitda": "159743000",
            "netIncome": "114612000"
        },
        {
            "fiscalDateEnding": "2019-03-31",
            "reportedCurrency": "USD",
            "grossProfit": "605401000",
            "totalRevenue": "1470026000",
            "costOfRevenue": "1322643000",
            "costofGoodsAndServicesSold": "860942000",
            "operatingIncome": "146229000",
            "sellingGeneralAndAdministrative": "461359000",
            "researchAndDevelopment": "None",
            "operatingExpenses": "464026000",
            "investmentIncomeNet": "None",
            "netInterestIncome": "1496000",
            "interestIncome": "1496000",
            "interestExpense": "1496000",
            "nonInterestIncome": "1468530000",
            "otherNonOperatingIncome": "None",
            "depreciation": "15652000",
            "depreciationAndAmortization": "342000",
            "incomeBeforeTax": "147383000",
            "incomeTaxExpense": "37585000",
            "interestAndDebtExpense": "None",
            "netIncomeFromContinuingOperations": "109798000",
            "comprehensiveIncomeNetOfTax": "107901000",
            "ebit": "146229000",
            "ebitda": "146571000",
            "netIncome": "109798000"
        },
        {
            "fiscalDateEnding": "2018-12-31",
            "reportedCurrency": "USD",
            "grossProfit": "620062000",
            "totalRevenue": "1481658000",
            "costOfRevenue": "1328120000",
            "costofGoodsAndServicesSold": "860598000",
            "operatingIncome": "153909000",
            "sellingGeneralAndAdministrative": "455665000",
            "researchAndDevelopment": "None",
            "operatingExpenses": "470228000",
            "investmentIncomeNet": "None",
            "netInterestIncome": "1445000",
            "interestIncome": "None",
            "interestExpense": "1445000",
            "nonInterestIncome": "1481658000",
            "otherNonOperatingIncome": "None",
            "depreciation": "15900000",
            "depreciationAndAmortization": "371000",
            "incomeBeforeTax": "154983000",
            "incomeTaxExpense": "41419000",
            "interestAndDebtExpense": "None",
            "netIncomeFromContinuingOperations": "154983000",
            "comprehensiveIncomeNetOfTax": "107247000",
            "ebit": "153909000",
            "ebitda": "154280000",
            "netIncome": "113564000"
        },
        {
            "fiscalDateEnding": "2018-09-30",
            "reportedCurrency": "USD",
            "grossProfit": "610468000",
            "totalRevenue": "1467422000",
            "costOfRevenue": "1315517000",
            "costofGoodsAndServicesSold": "855758000",
            "operatingIncome": "151138000",
            "sellingGeneralAndAdministrative": "459330000",
            "researchAndDevelopment": "None",
            "operatingExpenses": "459759000",
            "investmentIncomeNet": "None",
            "netInterestIncome": "1196000",
            "interestIncome": "None",
            "interestExpense": "1196000",
            "nonInterestIncome": "1466226000",
            "otherNonOperatingIncome": "None",
            "depreciation": "15941000",
            "depreciationAndAmortization": "429000",
            "incomeBeforeTax": "151905000",
            "incomeTaxExpense": "36663000",
            "interestAndDebtExpense": "None",
            "netIncomeFromContinuingOperations": "115242000",
            "comprehensiveIncomeNetOfTax": "111859000",
            "ebit": "151138000",
            "ebitda": "151567000",
            "netIncome": "115242000"
        },
        {
            "fiscalDateEnding": "2018-06-30",
            "reportedCurrency": "USD",
            "grossProfit": "607118000",
            "totalRevenue": "1458060000",
            "costOfRevenue": "1307985000",
            "costofGoodsAndServicesSold": "849936000",
            "operatingIncome": "149511000",
            "sellingGeneralAndAdministrative": "457607000",
            "researchAndDevelopment": "None",
            "operatingExpenses": "458049000",
            "investmentIncomeNet": "None",
            "netInterestIncome": "1006000",
            "interestIncome": "None",
            "interestExpense": "1006000",
            "nonInterestIncome": "1457054000",
            "otherNonOperatingIncome": "None",
            "depreciation": "16150000",
            "depreciationAndAmortization": "442000",
            "incomeBeforeTax": "150075000",
            "incomeTaxExpense": "40760000",
            "interestAndDebtExpense": "None",
            "netIncomeFromContinuingOperations": "109315000",
            "comprehensiveIncomeNetOfTax": "93891000",
            "ebit": "149511000",
            "ebitda": "149953000",
            "netIncome": "109315000"
        },
        {
            "fiscalDateEnding": "2018-03-31",
            "reportedCurrency": "USD",
            "grossProfit": "572366000",
            "totalRevenue": "2791401000",
            "costOfRevenue": "1261429000",
            "costofGoodsAndServicesSold": "822967000",
            "operatingIncome": "134367000",
            "sellingGeneralAndAdministrative": "437999000",
            "researchAndDevelopment": "None",
            "operatingExpenses": "440240000",
            "investmentIncomeNet": "None",
            "netInterestIncome": "735000",
            "interestIncome": "None",
            "interestExpense": "735000",
            "nonInterestIncome": "1395333000",
            "otherNonOperatingIncome": "None",
            "depreciation": "16253000",
            "depreciationAndAmortization": "463000",
            "incomeBeforeTax": "134639000",
            "incomeTaxExpense": "38472000",
            "interestAndDebtExpense": "None",
            "netIncomeFromContinuingOperations": "96167000",
            "comprehensiveIncomeNetOfTax": "101675000",
            "ebit": "134367000",
            "ebitda": "134830000",
            "netIncome": "96167000"
        }
    ]
}