{
    "symbol": "TRV",
    "annualReports": [
        {
            "fiscalDateEnding": "2022-12-31",
            "reportedCurrency": "USD",
            "grossProfit": "-19174000000",
            "totalRevenue": "36884000000",
            "costOfRevenue": "56058000000",
            "costofGoodsAndServicesSold": "None",
            "operatingIncome": "-24009000000",
            "sellingGeneralAndAdministrative": "4810000000",
            "researchAndDevelopment": "None",
            "operatingExpenses": "4835000000",
            "investmentIncomeNet": "-43000000",
            "netInterestIncome": "-351000000",
            "interestIncome": "351000000",
            "interestExpense": "351000000",
            "nonInterestIncome": "33763000000",
            "otherNonOperatingIncome": "None",
            "depreciation": "None",
            "depreciationAndAmortization": "13000000",
            "incomeBeforeTax": "3354000000",
            "incomeTaxExpense": "512000000",
            "interestAndDebtExpense": "351000000",
            "netIncomeFromContinuingOperations": "2842000000",
            "comprehensiveIncomeNetOfTax": "-4796000000",
            "ebit": "3705000000",
            "ebitda": "3718000000",
            "netIncome": "2842000000"
        },
        {
            "fiscalDateEnding": "2021-12-31",
            "reportedCurrency": "USD",
            "grossProfit": "-15514000000",
            "totalRevenue": "34816000000",
            "costOfRevenue": "50330000000",
            "costofGoodsAndServicesSold": "None",
            "operatingIncome": "-20205000000",
            "sellingGeneralAndAdministrative": "4677000000",
            "researchAndDevelopment": "None",
            "operatingExpenses": "4691000000",
            "investmentIncomeNet": "-40000000",
            "netInterestIncome": "-340000000",
            "interestIncome": "340000000",
            "interestExpense": "340000000",
            "nonInterestIncome": "30855000000",
            "otherNonOperatingIncome": "None",
            "depreciation": "None",
            "depreciationAndAmortization": "14000000",
            "incomeBeforeTax": "4458000000",
            "incomeTaxExpense": "796000000",
            "interestAndDebtExpense": "340000000",
            "netIncomeFromContinuingOperations": "3662000000",
            "comprehensiveIncomeNetOfTax": "2353000000",
            "ebit": "4798000000",
            "ebitda": "4812000000",
            "netIncome": "3662000000"
        },
        {
            "fiscalDateEnding": "2020-12-31",
            "reportedCurrency": "USD",
            "grossProfit": "-15561000000",
            "totalRevenue": "31981000000",
            "costOfRevenue": "47542000000",
            "costofGoodsAndServicesSold": "None",
            "operatingIncome": "-20084000000",
            "sellingGeneralAndAdministrative": "4509000000",
            "researchAndDevelopment": "None",
            "operatingExpenses": "4523000000",
            "investmentIncomeNet": "-37000000",
            "netInterestIncome": "-339000000",
            "interestIncome": "339000000",
            "interestExpense": "339000000",
            "nonInterestIncome": "29044000000",
            "otherNonOperatingIncome": "None",
            "depreciation": "None",
            "depreciationAndAmortization": "14000000",
            "incomeBeforeTax": "3237000000",
            "incomeTaxExpense": "540000000",
            "interestAndDebtExpense": "339000000",
            "netIncomeFromContinuingOperations": "2697000000",
            "comprehensiveIncomeNetOfTax": "4559000000",
            "ebit": "3576000000",
            "ebitda": "3590000000",
            "netIncome": "2697000000"
        },
        {
            "fiscalDateEnding": "2019-12-31",
            "reportedCurrency": "USD",
            "grossProfit": "-15666000000",
            "totalRevenue": "31581000000",
            "costOfRevenue": "47247000000",
            "costofGoodsAndServicesSold": "23734000000",
            "operatingIncome": "-20046000000",
            "sellingGeneralAndAdministrative": "4365000000",
            "researchAndDevelopment": "None",
            "operatingExpenses": "4380000000",
            "investmentIncomeNet": "-40000000",
            "netInterestIncome": "-344000000",
            "interestIncome": "344000000",
            "interestExpense": "344000000",
            "nonInterestIncome": "28272000000",
            "otherNonOperatingIncome": "None",
            "depreciation": "None",
            "depreciationAndAmortization": "15000000",
            "incomeBeforeTax": "3138000000",
            "incomeTaxExpense": "516000000",
            "interestAndDebtExpense": "344000000",
            "netIncomeFromContinuingOperations": "2622000000",
            "comprehensiveIncomeNetOfTax": "5121000000",
            "ebit": "3482000000",
            "ebitda": "3497000000",
            "netIncome": "2622000000"
        },
        {
            "fiscalDateEnding": "2018-12-31",
            "reportedCurrency": "USD",
            "grossProfit": "-14995000000",
            "totalRevenue": "30282000000",
            "costOfRevenue": "45277000000",
            "costofGoodsAndServicesSold": "22672000000",
            "operatingIncome": "-19309000000",
            "sellingGeneralAndAdministrative": "4297000000",
            "researchAndDevelopment": "None",
            "operatingExpenses": "4314000000",
            "investmentIncomeNet": "-39000000",
            "netInterestIncome": "-352000000",
            "interestIncome": "352000000",
            "interestExpense": "352000000",
            "nonInterestIncome": "27059000000",
            "otherNonOperatingIncome": "None",
            "depreciation": "None",
            "depreciationAndAmortization": "17000000",
            "incomeBeforeTax": "2961000000",
            "incomeTaxExpense": "438000000",
            "interestAndDebtExpense": "352000000",
            "netIncomeFromContinuingOperations": "2523000000",
            "comprehensiveIncomeNetOfTax": "1053000000",
            "ebit": "3313000000",
            "ebitda": "3330000000",
            "netIncome": "2523000000"
        }
    ],
    "quarterlyReports": [
        {
            "fiscalDateEnding": "2023-03-31",
            "reportedCurrency": "USD",
            "grossProfit": "-4943000000",
            "totalRevenue": "9704000000",
            "costOfRevenue": "14647000000",
            "costofGoodsAndServicesSold": "None",
            "operatingIncome": "-6210000000",
            "sellingGeneralAndAdministrative": "1267000000",
            "researchAndDevelopment": "None",
            "operatingExpenses": "1267000000",
            "investmentIncomeNet": "None",
            "netInterestIncome": "-88000000",
            "interestIncome": "88000000",
            "interestExpense": "88000000",
            "nonInterestIncome": "8854000000",
            "otherNonOperatingIncome": "None",
            "depreciation": "None",
            "depreciationAndAmortization": "204000000",
            "incomeBeforeTax": "928000000",
            "incomeTaxExpense": "-47000000",
            "interestAndDebtExpense": "88000000",
            "netIncomeFromContinuingOperations": "975000000",
            "comprehensiveIncomeNetOfTax": "2034000000",
            "ebit": "1016000000",
            "ebitda": "1220000000",
            "netIncome": "975000000"
        },
        {
            "fiscalDateEnding": "2022-12-31",
            "reportedCurrency": "USD",
            "grossProfit": "-4874000000",
            "totalRevenue": "9636000000",
            "costOfRevenue": "14510000000",
            "costofGoodsAndServicesSold": "None",
            "operatingIncome": "-6102000000",
            "sellingGeneralAndAdministrative": "1203000000",
            "researchAndDevelopment": "None",
            "operatingExpenses": "1228000000",
            "investmentIncomeNet": "None",
            "netInterestIncome": "-88000000",
            "interestIncome": "88000000",
            "interestExpense": "88000000",
            "nonInterestIncome": "8817000000",
            "otherNonOperatingIncome": "None",
            "depreciation": "None",
            "depreciationAndAmortization": "208000000",
            "incomeBeforeTax": "987000000",
            "incomeTaxExpense": "168000000",
            "interestAndDebtExpense": "88000000",
            "netIncomeFromContinuingOperations": "819000000",
            "comprehensiveIncomeNetOfTax": "2282000000",
            "ebit": "1075000000",
            "ebitda": "1283000000",
            "netIncome": "819000000"
        },
        {
            "fiscalDateEnding": "2022-09-30",
            "reportedCurrency": "USD",
            "grossProfit": "-5472000000",
            "totalRevenue": "9303000000",
            "costOfRevenue": "14775000000",
            "costofGoodsAndServicesSold": "None",
            "operatingIncome": "-6665000000",
            "sellingGeneralAndAdministrative": "1193000000",
            "researchAndDevelopment": "None",
            "operatingExpenses": "1193000000",
            "investmentIncomeNet": "None",
            "netInterestIncome": "-88000000",
            "interestIncome": "88000000",
            "interestExpense": "88000000",
            "nonInterestIncome": "8615000000",
            "otherNonOperatingIncome": "None",
            "depreciation": "None",
            "depreciationAndAmortization": "1406000000",
            "incomeBeforeTax": "528000000",
            "incomeTaxExpense": "74000000",
            "interestAndDebtExpense": "88000000",
            "netIncomeFromContinuingOperations": "454000000",
            "comprehensiveIncomeNetOfTax": "-2299000000",
            "ebit": "616000000",
            "ebitda": "811000000",
            "netIncome": "454000000"
        },
        {
            "fiscalDateEnding": "2022-06-30",
            "reportedCurrency": "USD",
            "grossProfit": "-5058000000",
            "totalRevenue": "9136000000",
            "costOfRevenue": "14194000000",
            "costofGoodsAndServicesSold": "None",
            "operatingIncome": "-6281000000",
            "sellingGeneralAndAdministrative": "1223000000",
            "researchAndDevelopment": "None",
            "operatingExpenses": "1223000000",
            "investmentIncomeNet": "None",
            "netInterestIncome": "-88000000",
            "interestIncome": "88000000",
            "interestExpense": "88000000",
            "nonInterestIncome": "8317000000",
            "otherNonOperatingIncome": "None",
            "depreciation": "None",
            "depreciationAndAmortization": "1365000000",
            "incomeBeforeTax": "657000000",
            "incomeTaxExpense": "106000000",
            "interestAndDebtExpense": "88000000",
            "netIncomeFromContinuingOperations": "551000000",
            "comprehensiveIncomeNetOfTax": "-2002000000",
            "ebit": "745000000",
            "ebitda": "955000000",
            "netIncome": "551000000"
        },
        {
            "fiscalDateEnding": "2022-03-31",
            "reportedCurrency": "USD",
            "grossProfit": "-3773000000",
            "totalRevenue": "8809000000",
            "costOfRevenue": "12582000000",
            "costofGoodsAndServicesSold": "None",
            "operatingIncome": "-4967000000",
            "sellingGeneralAndAdministrative": "1191000000",
            "researchAndDevelopment": "None",
            "operatingExpenses": "1194000000",
            "investmentIncomeNet": "None",
            "netInterestIncome": "-87000000",
            "interestIncome": "87000000",
            "interestExpense": "87000000",
            "nonInterestIncome": "8014000000",
            "otherNonOperatingIncome": "None",
            "depreciation": "None",
            "depreciationAndAmortization": "3000000",
            "incomeBeforeTax": "1182000000",
            "incomeTaxExpense": "164000000",
            "interestAndDebtExpense": "87000000",
            "netIncomeFromContinuingOperations": "1018000000",
            "comprehensiveIncomeNetOfTax": "-2777000000",
            "ebit": "1269000000",
            "ebitda": "1272000000",
            "netIncome": "1018000000"
        },
        {
            "fiscalDateEnding": "2021-12-31",
            "reportedCurrency": "USD",
            "grossProfit": "-3084000000",
            "totalRevenue": "9011000000",
            "costOfRevenue": "12095000000",
            "costofGoodsAndServicesSold": "None",
            "operatingIncome": "-4240000000",
            "sellingGeneralAndAdministrative": "1153000000",
            "researchAndDevelopment": "None",
            "operatingExpenses": "1156000000",
            "investmentIncomeNet": "None",
            "netInterestIncome": "-88000000",
            "interestIncome": "88000000",
            "interestExpense": "88000000",
            "nonInterestIncome": "8024000000",
            "otherNonOperatingIncome": "None",
            "depreciation": "None",
            "depreciationAndAmortization": "3000000",
            "incomeBeforeTax": "1650000000",
            "incomeTaxExpense": "317000000",
            "interestAndDebtExpense": "88000000",
            "netIncomeFromContinuingOperations": "1333000000",
            "comprehensiveIncomeNetOfTax": "1360000000",
            "ebit": "1738000000",
            "ebitda": "1741000000",
            "netIncome": "1333000000"
        },
        {
            "fiscalDateEnding": "2021-09-30",
            "reportedCurrency": "USD",
            "grossProfit": "-4595000000",
            "totalRevenue": "8805000000",
            "costOfRevenue": "13400000000",
            "costofGoodsAndServicesSold": "None",
            "operatingIncome": "-5786000000",
            "sellingGeneralAndAdministrative": "1187000000",
            "researchAndDevelopment": "None",
            "operatingExpenses": "1191000000",
            "investmentIncomeNet": "None",
            "netInterestIncome": "-87000000",
            "interestIncome": "87000000",
            "interestExpense": "87000000",
            "nonInterestIncome": "7829000000",
            "otherNonOperatingIncome": "None",
            "depreciation": "None",
            "depreciationAndAmortization": "4000000",
            "incomeBeforeTax": "786000000",
            "incomeTaxExpense": "124000000",
            "interestAndDebtExpense": "87000000",
            "netIncomeFromContinuingOperations": "662000000",
            "comprehensiveIncomeNetOfTax": "59000000",
            "ebit": "873000000",
            "ebitda": "877000000",
            "netIncome": "662000000"
        },
        {
            "fiscalDateEnding": "2021-06-30",
            "reportedCurrency": "USD",
            "grossProfit": "-3834000000",
            "totalRevenue": "8687000000",
            "costOfRevenue": "12521000000",
            "costofGoodsAndServicesSold": "None",
            "operatingIncome": "-5011000000",
            "sellingGeneralAndAdministrative": "1174000000",
            "researchAndDevelopment": "None",
            "operatingExpenses": "1177000000",
            "investmentIncomeNet": "None",
            "netInterestIncome": "-83000000",
            "interestIncome": "83000000",
            "interestExpense": "83000000",
            "nonInterestIncome": "7616000000",
            "otherNonOperatingIncome": "None",
            "depreciation": "None",
            "depreciationAndAmortization": "3000000",
            "incomeBeforeTax": "1131000000",
            "incomeTaxExpense": "197000000",
            "interestAndDebtExpense": "83000000",
            "netIncomeFromContinuingOperations": "934000000",
            "comprehensiveIncomeNetOfTax": "1412000000",
            "ebit": "1214000000",
            "ebitda": "1217000000",
            "netIncome": "934000000"
        },
        {
            "fiscalDateEnding": "2021-03-31",
            "reportedCurrency": "USD",
            "grossProfit": "-4001000000",
            "totalRevenue": "8313000000",
            "costOfRevenue": "12314000000",
            "costofGoodsAndServicesSold": "None",
            "operatingIncome": "-5168000000",
            "sellingGeneralAndAdministrative": "1163000000",
            "researchAndDevelopment": "None",
            "operatingExpenses": "1167000000",
            "investmentIncomeNet": "None",
            "netInterestIncome": "-82000000",
            "interestIncome": "82000000",
            "interestExpense": "82000000",
            "nonInterestIncome": "7386000000",
            "otherNonOperatingIncome": "None",
            "depreciation": "None",
            "depreciationAndAmortization": "4000000",
            "incomeBeforeTax": "891000000",
            "incomeTaxExpense": "158000000",
            "interestAndDebtExpense": "82000000",
            "netIncomeFromContinuingOperations": "733000000",
            "comprehensiveIncomeNetOfTax": "-478000000",
            "ebit": "973000000",
            "ebitda": "977000000",
            "netIncome": "733000000"
        },
        {
            "fiscalDateEnding": "2020-12-31",
            "reportedCurrency": "USD",
            "grossProfit": "8397000000",
            "totalRevenue": "8397000000",
            "costOfRevenue": "11042000000",
            "costofGoodsAndServicesSold": "None",
            "operatingIncome": "8397000000",
            "sellingGeneralAndAdministrative": "1142000000",
            "researchAndDevelopment": "None",
            "operatingExpenses": "1145000000",
            "investmentIncomeNet": "None",
            "netInterestIncome": "-83000000",
            "interestIncome": "83000000",
            "interestExpense": "83000000",
            "nonInterestIncome": "7480000000",
            "otherNonOperatingIncome": "None",
            "depreciation": "None",
            "depreciationAndAmortization": "3000000",
            "incomeBeforeTax": "1616000000",
            "incomeTaxExpense": "306000000",
            "interestAndDebtExpense": "83000000",
            "netIncomeFromContinuingOperations": "1310000000",
            "comprehensiveIncomeNetOfTax": "1674000000",
            "ebit": "1699000000",
            "ebitda": "1702000000",
            "netIncome": "1310000000"
        },
        {
            "fiscalDateEnding": "2020-09-30",
            "reportedCurrency": "USD",
            "grossProfit": "-3817000000",
            "totalRevenue": "8275000000",
            "costOfRevenue": "12092000000",
            "costofGoodsAndServicesSold": "None",
            "operatingIncome": "-4930000000",
            "sellingGeneralAndAdministrative": "1109000000",
            "researchAndDevelopment": "None",
            "operatingExpenses": "1113000000",
            "investmentIncomeNet": "None",
            "netInterestIncome": "-87000000",
            "interestIncome": "87000000",
            "interestExpense": "87000000",
            "nonInterestIncome": "7380000000",
            "otherNonOperatingIncome": "None",
            "depreciation": "None",
            "depreciationAndAmortization": "4000000",
            "incomeBeforeTax": "986000000",
            "incomeTaxExpense": "159000000",
            "interestAndDebtExpense": "87000000",
            "netIncomeFromContinuingOperations": "827000000",
            "comprehensiveIncomeNetOfTax": "1083000000",
            "ebit": "1073000000",
            "ebitda": "1077000000",
            "netIncome": "827000000"
        },
        {
            "fiscalDateEnding": "2020-06-30",
            "reportedCurrency": "USD",
            "grossProfit": "-5110000000",
            "totalRevenue": "7401000000",
            "costOfRevenue": "12511000000",
            "costofGoodsAndServicesSold": "None",
            "operatingIncome": "-6234000000",
            "sellingGeneralAndAdministrative": "1121000000",
            "researchAndDevelopment": "None",
            "operatingExpenses": "1124000000",
            "investmentIncomeNet": "None",
            "netInterestIncome": "-85000000",
            "interestIncome": "85000000",
            "interestExpense": "85000000",
            "nonInterestIncome": "6955000000",
            "otherNonOperatingIncome": "None",
            "depreciation": "None",
            "depreciationAndAmortization": "3000000",
            "incomeBeforeTax": "-85000000",
            "incomeTaxExpense": "-45000000",
            "interestAndDebtExpense": "85000000",
            "netIncomeFromContinuingOperations": "-40000000",
            "comprehensiveIncomeNetOfTax": "1891000000",
            "ebit": "-6234000000",
            "ebitda": "3000000",
            "netIncome": "-40000000"
        },
        {
            "fiscalDateEnding": "2020-03-31",
            "reportedCurrency": "USD",
            "grossProfit": "-3989000000",
            "totalRevenue": "7908000000",
            "costOfRevenue": "11897000000",
            "costofGoodsAndServicesSold": "None",
            "operatingIncome": "-5130000000",
            "sellingGeneralAndAdministrative": "1137000000",
            "researchAndDevelopment": "None",
            "operatingExpenses": "1141000000",
            "investmentIncomeNet": "None",
            "netInterestIncome": "-84000000",
            "interestIncome": "84000000",
            "interestExpense": "84000000",
            "nonInterestIncome": "7229000000",
            "otherNonOperatingIncome": "None",
            "depreciation": "None",
            "depreciationAndAmortization": "4000000",
            "incomeBeforeTax": "720000000",
            "incomeTaxExpense": "120000000",
            "interestAndDebtExpense": "84000000",
            "netIncomeFromContinuingOperations": "600000000",
            "comprehensiveIncomeNetOfTax": "-89000000",
            "ebit": "804000000",
            "ebitda": "808000000",
            "netIncome": "600000000"
        },
        {
            "fiscalDateEnding": "2019-12-31",
            "reportedCurrency": "USD",
            "grossProfit": "8063000000",
            "totalRevenue": "8063000000",
            "costOfRevenue": "11549000000",
            "costofGoodsAndServicesSold": "5821000000",
            "operatingIncome": "8063000000",
            "sellingGeneralAndAdministrative": "1085000000",
            "researchAndDevelopment": "None",
            "operatingExpenses": "1088000000",
            "investmentIncomeNet": "None",
            "netInterestIncome": "-83000000",
            "interestIncome": "83000000",
            "interestExpense": "83000000",
            "nonInterestIncome": "7250000000",
            "otherNonOperatingIncome": "None",
            "depreciation": "None",
            "depreciationAndAmortization": "3000000",
            "incomeBeforeTax": "1074000000",
            "incomeTaxExpense": "201000000",
            "interestAndDebtExpense": "83000000",
            "netIncomeFromContinuingOperations": "873000000",
            "comprehensiveIncomeNetOfTax": "888000000",
            "ebit": "1157000000",
            "ebitda": "1160000000",
            "netIncome": "873000000"
        },
        {
            "fiscalDateEnding": "2019-09-30",
            "reportedCurrency": "USD",
            "grossProfit": "-4718000000",
            "totalRevenue": "8013000000",
            "costOfRevenue": "12731000000",
            "costofGoodsAndServicesSold": "6399000000",
            "operatingIncome": "-5820000000",
            "sellingGeneralAndAdministrative": "1098000000",
            "researchAndDevelopment": "None",
            "operatingExpenses": "1102000000",
            "investmentIncomeNet": "None",
            "netInterestIncome": "-84000000",
            "interestIncome": "84000000",
            "interestExpense": "84000000",
            "nonInterestIncome": "7179000000",
            "otherNonOperatingIncome": "None",
            "depreciation": "None",
            "depreciationAndAmortization": "4000000",
            "incomeBeforeTax": "432000000",
            "incomeTaxExpense": "36000000",
            "interestAndDebtExpense": "84000000",
            "netIncomeFromContinuingOperations": "396000000",
            "comprehensiveIncomeNetOfTax": "815000000",
            "ebit": "516000000",
            "ebitda": "520000000",
            "netIncome": "396000000"
        },
        {
            "fiscalDateEnding": "2019-06-30",
            "reportedCurrency": "USD",
            "grossProfit": "-4071000000",
            "totalRevenue": "7834000000",
            "costOfRevenue": "11905000000",
            "costofGoodsAndServicesSold": "5955000000",
            "operatingIncome": "-5200000000",
            "sellingGeneralAndAdministrative": "1125000000",
            "researchAndDevelopment": "None",
            "operatingExpenses": "1129000000",
            "investmentIncomeNet": "None",
            "netInterestIncome": "-89000000",
            "interestIncome": "89000000",
            "interestExpense": "89000000",
            "nonInterestIncome": "6988000000",
            "otherNonOperatingIncome": "None",
            "depreciation": "None",
            "depreciationAndAmortization": "4000000",
            "incomeBeforeTax": "665000000",
            "incomeTaxExpense": "108000000",
            "interestAndDebtExpense": "89000000",
            "netIncomeFromContinuingOperations": "557000000",
            "comprehensiveIncomeNetOfTax": "1445000000",
            "ebit": "754000000",
            "ebitda": "758000000",
            "netIncome": "557000000"
        },
        {
            "fiscalDateEnding": "2019-03-31",
            "reportedCurrency": "USD",
            "grossProfit": "-3391000000",
            "totalRevenue": "7671000000",
            "costOfRevenue": "11062000000",
            "costofGoodsAndServicesSold": "5559000000",
            "operatingIncome": "-4452000000",
            "sellingGeneralAndAdministrative": "1057000000",
            "researchAndDevelopment": "None",
            "operatingExpenses": "1061000000",
            "investmentIncomeNet": "None",
            "netInterestIncome": "-88000000",
            "interestIncome": "None",
            "interestExpense": "88000000",
            "nonInterestIncome": "6855000000",
            "otherNonOperatingIncome": "None",
            "depreciation": "None",
            "depreciationAndAmortization": "4000000",
            "incomeBeforeTax": "967000000",
            "incomeTaxExpense": "171000000",
            "interestAndDebtExpense": "88000000",
            "netIncomeFromContinuingOperations": "796000000",
            "comprehensiveIncomeNetOfTax": "1973000000",
            "ebit": "1055000000",
            "ebitda": "1059000000",
            "netIncome": "796000000"
        },
        {
            "fiscalDateEnding": "2018-12-31",
            "reportedCurrency": "USD",
            "grossProfit": "7796000000",
            "totalRevenue": "7796000000",
            "costOfRevenue": "11709000000",
            "costofGoodsAndServicesSold": "5900000000",
            "operatingIncome": "7796000000",
            "sellingGeneralAndAdministrative": "1063000000",
            "researchAndDevelopment": "None",
            "operatingExpenses": "1031000000",
            "investmentIncomeNet": "None",
            "netInterestIncome": "-87000000",
            "interestIncome": "None",
            "interestExpense": "87000000",
            "nonInterestIncome": "6945000000",
            "otherNonOperatingIncome": "None",
            "depreciation": "None",
            "depreciationAndAmortization": "5000000",
            "incomeBeforeTax": "746000000",
            "incomeTaxExpense": "125000000",
            "interestAndDebtExpense": "87000000",
            "netIncomeFromContinuingOperations": "621000000",
            "comprehensiveIncomeNetOfTax": "765000000",
            "ebit": "833000000",
            "ebitda": "838000000",
            "netIncome": "621000000"
        },
        {
            "fiscalDateEnding": "2018-09-30",
            "reportedCurrency": "USD",
            "grossProfit": "-3767000000",
            "totalRevenue": "7723000000",
            "costOfRevenue": "11490000000",
            "costofGoodsAndServicesSold": "5772000000",
            "operatingIncome": "-4830000000",
            "sellingGeneralAndAdministrative": "1059000000",
            "researchAndDevelopment": "None",
            "operatingExpenses": "1063000000",
            "investmentIncomeNet": "None",
            "netInterestIncome": "-86000000",
            "interestIncome": "None",
            "interestExpense": "86000000",
            "nonInterestIncome": "6882000000",
            "otherNonOperatingIncome": "None",
            "depreciation": "None",
            "depreciationAndAmortization": "4000000",
            "incomeBeforeTax": "806000000",
            "incomeTaxExpense": "97000000",
            "interestAndDebtExpense": "86000000",
            "netIncomeFromContinuingOperations": "709000000",
            "comprehensiveIncomeNetOfTax": "394000000",
            "ebit": "892000000",
            "ebitda": "896000000",
            "netIncome": "709000000"
        },
        {
            "fiscalDateEnding": "2018-06-30",
            "reportedCurrency": "USD",
            "grossProfit": "-3845000000",
            "totalRevenue": "7477000000",
            "costOfRevenue": "11322000000",
            "costofGoodsAndServicesSold": "5643000000",
            "operatingIncome": "-4962000000",
            "sellingGeneralAndAdministrative": "1113000000",
            "researchAndDevelopment": "None",
            "operatingExpenses": "1117000000",
            "investmentIncomeNet": "None",
            "netInterestIncome": "-90000000",
            "interestIncome": "None",
            "interestExpense": "90000000",
            "nonInterestIncome": "6695000000",
            "otherNonOperatingIncome": "None",
            "depreciation": "None",
            "depreciationAndAmortization": "4000000",
            "incomeBeforeTax": "631000000",
            "incomeTaxExpense": "107000000",
            "interestAndDebtExpense": "90000000",
            "netIncomeFromContinuingOperations": "524000000",
            "comprehensiveIncomeNetOfTax": "158000000",
            "ebit": "721000000",
            "ebitda": "725000000",
            "netIncome": "524000000"
        }
    ]
}