{
    "symbol": "EIX",
    "annualReports": [
        {
            "fiscalDateEnding": "2022-12-31",
            "reportedCurrency": "USD",
            "grossProfit": "17178000000",
            "totalRevenue": "17220000000",
            "costOfRevenue": "42000000",
            "costofGoodsAndServicesSold": "11099000000",
            "operatingIncome": "1483000000",
            "sellingGeneralAndAdministrative": "42000000",
            "researchAndDevelopment": "None",
            "operatingExpenses": "-81000000",
            "investmentIncomeNet": "None",
            "netInterestIncome": "-1169000000",
            "interestIncome": "89000000",
            "interestExpense": "1169000000",
            "nonInterestIncome": "None",
            "otherNonOperatingIncome": "348000000",
            "depreciation": "None",
            "depreciationAndAmortization": "2633000000",
            "incomeBeforeTax": "662000000",
            "incomeTaxExpense": "-162000000",
            "interestAndDebtExpense": "1169000000",
            "netIncomeFromContinuingOperations": "824000000",
            "comprehensiveIncomeNetOfTax": "760000000",
            "ebit": "1483000000",
            "ebitda": "4252000000",
            "netIncome": "824000000"
        },
        {
            "fiscalDateEnding": "2021-12-31",
            "reportedCurrency": "USD",
            "grossProfit": "14866000000",
            "totalRevenue": "14905000000",
            "costOfRevenue": "39000000",
            "costofGoodsAndServicesSold": "9185000000",
            "operatingIncome": "1477000000",
            "sellingGeneralAndAdministrative": "39000000",
            "researchAndDevelopment": "None",
            "operatingExpenses": "-217000000",
            "investmentIncomeNet": "None",
            "netInterestIncome": "-925000000",
            "interestIncome": "925000000",
            "interestExpense": "925000000",
            "nonInterestIncome": "None",
            "otherNonOperatingIncome": "237000000",
            "depreciation": "None",
            "depreciationAndAmortization": "2280000000",
            "incomeBeforeTax": "789000000",
            "incomeTaxExpense": "-136000000",
            "interestAndDebtExpense": "925000000",
            "netIncomeFromContinuingOperations": "925000000",
            "comprehensiveIncomeNetOfTax": "834000000",
            "ebit": "1477000000",
            "ebitda": "3994000000",
            "netIncome": "925000000"
        },
        {
            "fiscalDateEnding": "2020-12-31",
            "reportedCurrency": "USD",
            "grossProfit": "13746000000",
            "totalRevenue": "13578000000",
            "costOfRevenue": "-168000000",
            "costofGoodsAndServicesSold": "8541000000",
            "operatingIncome": "1217000000",
            "sellingGeneralAndAdministrative": "29000000",
            "researchAndDevelopment": "None",
            "operatingExpenses": "-168000000",
            "investmentIncomeNet": "None",
            "netInterestIncome": "-902000000",
            "interestIncome": "20000000",
            "interestExpense": "902000000",
            "nonInterestIncome": "None",
            "otherNonOperatingIncome": "251000000",
            "depreciation": "None",
            "depreciationAndAmortization": "-197000000",
            "incomeBeforeTax": "434000000",
            "incomeTaxExpense": "-305000000",
            "interestAndDebtExpense": "902000000",
            "netIncomeFromContinuingOperations": "739000000",
            "comprehensiveIncomeNetOfTax": "739000000",
            "ebit": "1336000000",
            "ebitda": "1139000000",
            "netIncome": "739000000"
        },
        {
            "fiscalDateEnding": "2019-12-31",
            "reportedCurrency": "USD",
            "grossProfit": "12240000000",
            "totalRevenue": "12347000000",
            "costOfRevenue": "107000000",
            "costofGoodsAndServicesSold": "7857000000",
            "operatingIncome": "1775000000",
            "sellingGeneralAndAdministrative": "29000000",
            "researchAndDevelopment": "None",
            "operatingExpenses": "107000000",
            "investmentIncomeNet": "None",
            "netInterestIncome": "-841000000",
            "interestIncome": "37000000",
            "interestExpense": "841000000",
            "nonInterestIncome": "None",
            "otherNonOperatingIncome": "193000000",
            "depreciation": "None",
            "depreciationAndAmortization": "-106000000",
            "incomeBeforeTax": "1006000000",
            "incomeTaxExpense": "-278000000",
            "interestAndDebtExpense": "841000000",
            "netIncomeFromContinuingOperations": "1284000000",
            "comprehensiveIncomeNetOfTax": "1275000000",
            "ebit": "1847000000",
            "ebitda": "1741000000",
            "netIncome": "1284000000"
        },
        {
            "fiscalDateEnding": "2018-12-31",
            "reportedCurrency": "USD",
            "grossProfit": "12667000000",
            "totalRevenue": "12657000000",
            "costOfRevenue": "-10000000",
            "costofGoodsAndServicesSold": "8203000000",
            "operatingIncome": "-552000000",
            "sellingGeneralAndAdministrative": "21000000",
            "researchAndDevelopment": "None",
            "operatingExpenses": "-10000000",
            "investmentIncomeNet": "None",
            "netInterestIncome": "-734000000",
            "interestIncome": "24000000",
            "interestExpense": "734000000",
            "nonInterestIncome": "None",
            "otherNonOperatingIncome": "197000000",
            "depreciation": "None",
            "depreciationAndAmortization": "-109000000",
            "incomeBeforeTax": "-1162000000",
            "incomeTaxExpense": "-739000000",
            "interestAndDebtExpense": "734000000",
            "netIncomeFromContinuingOperations": "-457000000",
            "comprehensiveIncomeNetOfTax": "-430000000",
            "ebit": "-428000000",
            "ebitda": "-537000000",
            "netIncome": "-423000000"
        }
    ],
    "quarterlyReports": [
        {
            "fiscalDateEnding": "2022-12-31",
            "reportedCurrency": "USD",
            "grossProfit": "4034000000",
            "totalRevenue": "4016000000",
            "costOfRevenue": "-18000000",
            "costofGoodsAndServicesSold": "2446000000",
            "operatingIncome": "764000000",
            "sellingGeneralAndAdministrative": "51000000",
            "researchAndDevelopment": "None",
            "operatingExpenses": "-60000000",
            "investmentIncomeNet": "None",
            "netInterestIncome": "-350000000",
            "interestIncome": "53000000",
            "interestExpense": "350000000",
            "nonInterestIncome": "None",
            "otherNonOperatingIncome": "129000000",
            "depreciation": "None",
            "depreciationAndAmortization": "662000000",
            "incomeBeforeTax": "543000000",
            "incomeTaxExpense": "73000000",
            "interestAndDebtExpense": "350000000",
            "netIncomeFromContinuingOperations": "470000000",
            "comprehensiveIncomeNetOfTax": "477000000",
            "ebit": "764000000",
            "ebitda": "1343000000",
            "netIncome": "470000000"
        },
        {
            "fiscalDateEnding": "2022-09-30",
            "reportedCurrency": "USD",
            "grossProfit": "5228000000",
            "totalRevenue": "5228000000",
            "costOfRevenue": "-4000000",
            "costofGoodsAndServicesSold": "3464000000",
            "operatingIncome": "-44000000",
            "sellingGeneralAndAdministrative": "943000000",
            "researchAndDevelopment": "None",
            "operatingExpenses": "-20000000",
            "investmentIncomeNet": "None",
            "netInterestIncome": "-302000000",
            "interestIncome": "19000000",
            "interestExpense": "302000000",
            "nonInterestIncome": "None",
            "otherNonOperatingIncome": "85000000",
            "depreciation": "None",
            "depreciationAndAmortization": "755000000",
            "incomeBeforeTax": "-261000000",
            "incomeTaxExpense": "-187000000",
            "interestAndDebtExpense": "302000000",
            "netIncomeFromContinuingOperations": "-74000000",
            "comprehensiveIncomeNetOfTax": "-100000000",
            "ebit": "41000000",
            "ebitda": "796000000",
            "netIncome": "-74000000"
        },
        {
            "fiscalDateEnding": "2022-06-30",
            "reportedCurrency": "USD",
            "grossProfit": "4008000000",
            "totalRevenue": "4008000000",
            "costOfRevenue": "2665000000",
            "costofGoodsAndServicesSold": "2665000000",
            "operatingIncome": "504000000",
            "sellingGeneralAndAdministrative": "55000000",
            "researchAndDevelopment": "None",
            "operatingExpenses": "33000000",
            "investmentIncomeNet": "None",
            "netInterestIncome": "-271000000",
            "interestIncome": "15000000",
            "interestExpense": "271000000",
            "nonInterestIncome": "None",
            "otherNonOperatingIncome": "66000000",
            "depreciation": "None",
            "depreciationAndAmortization": "592000000",
            "incomeBeforeTax": "299000000",
            "incomeTaxExpense": "7000000",
            "interestAndDebtExpense": "271000000",
            "netIncomeFromContinuingOperations": "292000000",
            "comprehensiveIncomeNetOfTax": "271000000",
            "ebit": "570000000",
            "ebitda": "1162000000",
            "netIncome": "292000000"
        },
        {
            "fiscalDateEnding": "2022-03-31",
            "reportedCurrency": "USD",
            "grossProfit": "3968000000",
            "totalRevenue": "3968000000",
            "costOfRevenue": "2524000000",
            "costofGoodsAndServicesSold": "2524000000",
            "operatingIncome": "259000000",
            "sellingGeneralAndAdministrative": "478000000",
            "researchAndDevelopment": "None",
            "operatingExpenses": "-34000000",
            "investmentIncomeNet": "None",
            "netInterestIncome": "-246000000",
            "interestIncome": "3000000",
            "interestExpense": "246000000",
            "nonInterestIncome": "None",
            "otherNonOperatingIncome": "68000000",
            "depreciation": "None",
            "depreciationAndAmortization": "624000000",
            "incomeBeforeTax": "81000000",
            "incomeTaxExpense": "-55000000",
            "interestAndDebtExpense": "246000000",
            "netIncomeFromContinuingOperations": "136000000",
            "comprehensiveIncomeNetOfTax": "112000000",
            "ebit": "327000000",
            "ebitda": "951000000",
            "netIncome": "136000000"
        },
        {
            "fiscalDateEnding": "2021-12-31",
            "reportedCurrency": "USD",
            "grossProfit": "3292000000",
            "totalRevenue": "3331000000",
            "costOfRevenue": "-28000000",
            "costofGoodsAndServicesSold": "1984000000",
            "operatingIncome": "621000000",
            "sellingGeneralAndAdministrative": "54000000",
            "researchAndDevelopment": "None",
            "operatingExpenses": "-13000000",
            "investmentIncomeNet": "None",
            "netInterestIncome": "-231000000",
            "interestIncome": "231000000",
            "interestExpense": "231000000",
            "nonInterestIncome": "None",
            "otherNonOperatingIncome": "42000000",
            "depreciation": "None",
            "depreciationAndAmortization": "571000000",
            "incomeBeforeTax": "550000000",
            "incomeTaxExpense": "-139000000",
            "interestAndDebtExpense": "231000000",
            "netIncomeFromContinuingOperations": "571000000",
            "comprehensiveIncomeNetOfTax": "554000000",
            "ebit": "621000000",
            "ebitda": "1234000000",
            "netIncome": "689000000"
        },
        {
            "fiscalDateEnding": "2021-09-30",
            "reportedCurrency": "USD",
            "grossProfit": "5299000000",
            "totalRevenue": "5299000000",
            "costOfRevenue": "78000000",
            "costofGoodsAndServicesSold": "3310000000",
            "operatingIncome": "-128000000",
            "sellingGeneralAndAdministrative": "1327000000",
            "researchAndDevelopment": "None",
            "operatingExpenses": "-66000000",
            "investmentIncomeNet": "None",
            "netInterestIncome": "-245000000",
            "interestIncome": "252000000",
            "interestExpense": "245000000",
            "nonInterestIncome": "None",
            "otherNonOperatingIncome": "47000000",
            "depreciation": "None",
            "depreciationAndAmortization": "619000000",
            "incomeBeforeTax": "-326000000",
            "incomeTaxExpense": "-29000000",
            "interestAndDebtExpense": "245000000",
            "netIncomeFromContinuingOperations": "-297000000",
            "comprehensiveIncomeNetOfTax": "-322000000",
            "ebit": "-81000000",
            "ebitda": "538000000",
            "netIncome": "-297000000"
        },
        {
            "fiscalDateEnding": "2021-06-30",
            "reportedCurrency": "USD",
            "grossProfit": "3315000000",
            "totalRevenue": "3315000000",
            "costOfRevenue": "2037000000",
            "costofGoodsAndServicesSold": "2037000000",
            "operatingIncome": "585000000",
            "sellingGeneralAndAdministrative": "54000000",
            "researchAndDevelopment": "None",
            "operatingExpenses": "-86000000",
            "investmentIncomeNet": "None",
            "netInterestIncome": "-232000000",
            "interestIncome": "1000000",
            "interestExpense": "232000000",
            "nonInterestIncome": "None",
            "otherNonOperatingIncome": "76000000",
            "depreciation": "None",
            "depreciationAndAmortization": "548000000",
            "incomeBeforeTax": "429000000",
            "incomeTaxExpense": "68000000",
            "interestAndDebtExpense": "232000000",
            "netIncomeFromContinuingOperations": "361000000",
            "comprehensiveIncomeNetOfTax": "337000000",
            "ebit": "661000000",
            "ebitda": "1209000000",
            "netIncome": "361000000"
        },
        {
            "fiscalDateEnding": "2021-03-31",
            "reportedCurrency": "USD",
            "grossProfit": "2960000000",
            "totalRevenue": "2960000000",
            "costOfRevenue": "1857000000",
            "costofGoodsAndServicesSold": "1857000000",
            "operatingIncome": "399000000",
            "sellingGeneralAndAdministrative": "53000000",
            "researchAndDevelopment": "None",
            "operatingExpenses": "-52000000",
            "investmentIncomeNet": "None",
            "netInterestIncome": "-217000000",
            "interestIncome": "217000000",
            "interestExpense": "217000000",
            "nonInterestIncome": "None",
            "otherNonOperatingIncome": "72000000",
            "depreciation": "None",
            "depreciationAndAmortization": "542000000",
            "incomeBeforeTax": "254000000",
            "incomeTaxExpense": "-36000000",
            "interestAndDebtExpense": "217000000",
            "netIncomeFromContinuingOperations": "290000000",
            "comprehensiveIncomeNetOfTax": "265000000",
            "ebit": "471000000",
            "ebitda": "1013000000",
            "netIncome": "290000000"
        },
        {
            "fiscalDateEnding": "2020-12-31",
            "reportedCurrency": "USD",
            "grossProfit": "3157000000",
            "totalRevenue": "3157000000",
            "costOfRevenue": "1000000",
            "costofGoodsAndServicesSold": "1843000000",
            "operatingIncome": "794000000",
            "sellingGeneralAndAdministrative": "109000000",
            "researchAndDevelopment": "None",
            "operatingExpenses": "1000000",
            "investmentIncomeNet": "None",
            "netInterestIncome": "-226000000",
            "interestIncome": "2000000",
            "interestExpense": "226000000",
            "nonInterestIncome": "None",
            "otherNonOperatingIncome": "34000000",
            "depreciation": "None",
            "depreciationAndAmortization": "-74000000",
            "incomeBeforeTax": "576000000",
            "incomeTaxExpense": "50000000",
            "interestAndDebtExpense": "226000000",
            "netIncomeFromContinuingOperations": "420000000",
            "comprehensiveIncomeNetOfTax": "520000000",
            "ebit": "802000000",
            "ebitda": "728000000",
            "netIncome": "526000000"
        },
        {
            "fiscalDateEnding": "2020-09-30",
            "reportedCurrency": "USD",
            "grossProfit": "4672000000",
            "totalRevenue": "4644000000",
            "costOfRevenue": "-28000000",
            "costofGoodsAndServicesSold": "3065000000",
            "operatingIncome": "-379000000",
            "sellingGeneralAndAdministrative": "1382000000",
            "researchAndDevelopment": "None",
            "operatingExpenses": "-28000000",
            "investmentIncomeNet": "None",
            "netInterestIncome": "-222000000",
            "interestIncome": "220000000",
            "interestExpense": "222000000",
            "nonInterestIncome": "None",
            "otherNonOperatingIncome": "84000000",
            "depreciation": "None",
            "depreciationAndAmortization": "-61000000",
            "incomeBeforeTax": "-563000000",
            "incomeTaxExpense": "-275000000",
            "interestAndDebtExpense": "222000000",
            "netIncomeFromContinuingOperations": "-242000000",
            "comprehensiveIncomeNetOfTax": "-286000000",
            "ebit": "-341000000",
            "ebitda": "-402000000",
            "netIncome": "-288000000"
        },
        {
            "fiscalDateEnding": "2020-06-30",
            "reportedCurrency": "USD",
            "grossProfit": "3005000000",
            "totalRevenue": "2987000000",
            "costOfRevenue": "-18000000",
            "costofGoodsAndServicesSold": "1830000000",
            "operatingIncome": "500000000",
            "sellingGeneralAndAdministrative": "83000000",
            "researchAndDevelopment": "None",
            "operatingExpenses": "-18000000",
            "investmentIncomeNet": "None",
            "netInterestIncome": "-229000000",
            "interestIncome": "222000000",
            "interestExpense": "229000000",
            "nonInterestIncome": "None",
            "otherNonOperatingIncome": "81000000",
            "depreciation": "None",
            "depreciationAndAmortization": "-76000000",
            "incomeBeforeTax": "322000000",
            "incomeTaxExpense": "4000000",
            "interestAndDebtExpense": "229000000",
            "netIncomeFromContinuingOperations": "348000000",
            "comprehensiveIncomeNetOfTax": "320000000",
            "ebit": "551000000",
            "ebitda": "475000000",
            "netIncome": "318000000"
        },
        {
            "fiscalDateEnding": "2020-03-31",
            "reportedCurrency": "USD",
            "grossProfit": "2776000000",
            "totalRevenue": "2790000000",
            "costOfRevenue": "14000000",
            "costofGoodsAndServicesSold": "1809000000",
            "operatingIncome": "302000000",
            "sellingGeneralAndAdministrative": "84000000",
            "researchAndDevelopment": "None",
            "operatingExpenses": "14000000",
            "investmentIncomeNet": "None",
            "netInterestIncome": "-225000000",
            "interestIncome": "9000000",
            "interestExpense": "225000000",
            "nonInterestIncome": "None",
            "otherNonOperatingIncome": "52000000",
            "depreciation": "None",
            "depreciationAndAmortization": "14000000",
            "incomeBeforeTax": "99000000",
            "incomeTaxExpense": "-84000000",
            "interestAndDebtExpense": "225000000",
            "netIncomeFromContinuingOperations": "213000000",
            "comprehensiveIncomeNetOfTax": "185000000",
            "ebit": "324000000",
            "ebitda": "338000000",
            "netIncome": "183000000"
        },
        {
            "fiscalDateEnding": "2019-12-31",
            "reportedCurrency": "USD",
            "grossProfit": "2970000000",
            "totalRevenue": "2970000000",
            "costOfRevenue": "55000000",
            "costofGoodsAndServicesSold": "1691000000",
            "operatingIncome": "287000000",
            "sellingGeneralAndAdministrative": "347000000",
            "researchAndDevelopment": "None",
            "operatingExpenses": "55000000",
            "investmentIncomeNet": "None",
            "netInterestIncome": "-222000000",
            "interestIncome": "8000000",
            "interestExpense": "222000000",
            "nonInterestIncome": "None",
            "otherNonOperatingIncome": "42000000",
            "depreciation": "None",
            "depreciationAndAmortization": "8000000",
            "incomeBeforeTax": "77000000",
            "incomeTaxExpense": "-66000000",
            "interestAndDebtExpense": "222000000",
            "netIncomeFromContinuingOperations": "52000000",
            "comprehensiveIncomeNetOfTax": "129000000",
            "ebit": "299000000",
            "ebitda": "307000000",
            "netIncome": "143000000"
        },
        {
            "fiscalDateEnding": "2019-09-30",
            "reportedCurrency": "USD",
            "grossProfit": "3741000000",
            "totalRevenue": "3741000000",
            "costOfRevenue": "-42000000",
            "costofGoodsAndServicesSold": "2549000000",
            "operatingIncome": "636000000",
            "sellingGeneralAndAdministrative": "2000000",
            "researchAndDevelopment": "None",
            "operatingExpenses": "-42000000",
            "investmentIncomeNet": "None",
            "netInterestIncome": "-214000000",
            "interestIncome": "13000000",
            "interestExpense": "214000000",
            "nonInterestIncome": "None",
            "otherNonOperatingIncome": "58000000",
            "depreciation": "None",
            "depreciationAndAmortization": "-42000000",
            "incomeBeforeTax": "449000000",
            "incomeTaxExpense": "-22000000",
            "interestAndDebtExpense": "214000000",
            "netIncomeFromContinuingOperations": "502000000",
            "comprehensiveIncomeNetOfTax": "473000000",
            "ebit": "663000000",
            "ebitda": "621000000",
            "netIncome": "471000000"
        },
        {
            "fiscalDateEnding": "2019-06-30",
            "reportedCurrency": "USD",
            "grossProfit": "2642000000",
            "totalRevenue": "2812000000",
            "costOfRevenue": "170000000",
            "costofGoodsAndServicesSold": "1730000000",
            "operatingIncome": "500000000",
            "sellingGeneralAndAdministrative": "2000000",
            "researchAndDevelopment": "None",
            "operatingExpenses": "170000000",
            "investmentIncomeNet": "None",
            "netInterestIncome": "-211000000",
            "interestIncome": "7000000",
            "interestExpense": "211000000",
            "nonInterestIncome": "None",
            "otherNonOperatingIncome": "55000000",
            "depreciation": "None",
            "depreciationAndAmortization": "1000000",
            "incomeBeforeTax": "314000000",
            "incomeTaxExpense": "-78000000",
            "interestAndDebtExpense": "211000000",
            "netIncomeFromContinuingOperations": "392000000",
            "comprehensiveIncomeNetOfTax": "393000000",
            "ebit": "525000000",
            "ebitda": "526000000",
            "netIncome": "392000000"
        },
        {
            "fiscalDateEnding": "2019-03-31",
            "reportedCurrency": "USD",
            "grossProfit": "2901000000",
            "totalRevenue": "2824000000",
            "costOfRevenue": "-77000000",
            "costofGoodsAndServicesSold": "1887000000",
            "operatingIncome": "352000000",
            "sellingGeneralAndAdministrative": "1000000",
            "researchAndDevelopment": "None",
            "operatingExpenses": "-77000000",
            "investmentIncomeNet": "None",
            "netInterestIncome": "-194000000",
            "interestIncome": "185000000",
            "interestExpense": "194000000",
            "nonInterestIncome": "None",
            "otherNonOperatingIncome": "38000000",
            "depreciation": "None",
            "depreciationAndAmortization": "-73000000",
            "incomeBeforeTax": "166000000",
            "incomeTaxExpense": "-112000000",
            "interestAndDebtExpense": "194000000",
            "netIncomeFromContinuingOperations": "278000000",
            "comprehensiveIncomeNetOfTax": "280000000",
            "ebit": "360000000",
            "ebitda": "287000000",
            "netIncome": "278000000"
        },
        {
            "fiscalDateEnding": "2018-12-31",
            "reportedCurrency": "USD",
            "grossProfit": "3009000000",
            "totalRevenue": "3009000000",
            "costOfRevenue": "16000000",
            "costofGoodsAndServicesSold": "1791000000",
            "operatingIncome": "-2041000000",
            "sellingGeneralAndAdministrative": "2669000000",
            "researchAndDevelopment": "None",
            "operatingExpenses": "16000000",
            "investmentIncomeNet": "None",
            "netInterestIncome": "-196000000",
            "interestIncome": "None",
            "interestExpense": "196000000",
            "nonInterestIncome": "None",
            "otherNonOperatingIncome": "21000000",
            "depreciation": "None",
            "depreciationAndAmortization": "-23000000",
            "incomeBeforeTax": "-2212000000",
            "incomeTaxExpense": "-782000000",
            "interestAndDebtExpense": "196000000",
            "netIncomeFromContinuingOperations": "-1464000000",
            "comprehensiveIncomeNetOfTax": "-1438000000",
            "ebit": "-2016000000",
            "ebitda": "-2039000000",
            "netIncome": "-1430000000"
        },
        {
            "fiscalDateEnding": "2018-09-30",
            "reportedCurrency": "USD",
            "grossProfit": "4280000000",
            "totalRevenue": "4269000000",
            "costOfRevenue": "-11000000",
            "costofGoodsAndServicesSold": "2980000000",
            "operatingIncome": "739000000",
            "sellingGeneralAndAdministrative": "2000000",
            "researchAndDevelopment": "None",
            "operatingExpenses": "-11000000",
            "investmentIncomeNet": "None",
            "netInterestIncome": "-188000000",
            "interestIncome": "None",
            "interestExpense": "188000000",
            "nonInterestIncome": "None",
            "otherNonOperatingIncome": "76000000",
            "depreciation": "None",
            "depreciationAndAmortization": "-13000000",
            "incomeBeforeTax": "596000000",
            "incomeTaxExpense": "83000000",
            "interestAndDebtExpense": "188000000",
            "netIncomeFromContinuingOperations": "513000000",
            "comprehensiveIncomeNetOfTax": "515000000",
            "ebit": "784000000",
            "ebitda": "771000000",
            "netIncome": "513000000"
        },
        {
            "fiscalDateEnding": "2018-06-30",
            "reportedCurrency": "USD",
            "grossProfit": "2815000000",
            "totalRevenue": "2815000000",
            "costOfRevenue": "5000000",
            "costofGoodsAndServicesSold": "1831000000",
            "operatingIncome": "420000000",
            "sellingGeneralAndAdministrative": "1000000",
            "researchAndDevelopment": "None",
            "operatingExpenses": "5000000",
            "investmentIncomeNet": "None",
            "netInterestIncome": "-180000000",
            "interestIncome": "None",
            "interestExpense": "180000000",
            "nonInterestIncome": "None",
            "otherNonOperatingIncome": "49000000",
            "depreciation": "None",
            "depreciationAndAmortization": "-49000000",
            "incomeBeforeTax": "267000000",
            "incomeTaxExpense": "-9000000",
            "interestAndDebtExpense": "180000000",
            "netIncomeFromContinuingOperations": "276000000",
            "comprehensiveIncomeNetOfTax": "278000000",
            "ebit": "447000000",
            "ebitda": "398000000",
            "netIncome": "276000000"
        },
        {
            "fiscalDateEnding": "2018-03-31",
            "reportedCurrency": "USD",
            "grossProfit": "1596000000",
            "totalRevenue": "2564000000",
            "costOfRevenue": "968000000",
            "costofGoodsAndServicesSold": "926000000",
            "operatingIncome": "330000000",
            "sellingGeneralAndAdministrative": "675000000",
            "researchAndDevelopment": "None",
            "operatingExpenses": "717000000",
            "investmentIncomeNet": "None",
            "netInterestIncome": "-170000000",
            "interestIncome": "None",
            "interestExpense": "170000000",
            "nonInterestIncome": "None",
            "otherNonOperatingIncome": "51000000",
            "depreciation": "None",
            "depreciationAndAmortization": "-24000000",
            "incomeBeforeTax": "187000000",
            "incomeTaxExpense": "-31000000",
            "interestAndDebtExpense": "170000000",
            "netIncomeFromContinuingOperations": "218000000",
            "comprehensiveIncomeNetOfTax": "215000000",
            "ebit": "357000000",
            "ebitda": "333000000",
            "netIncome": "218000000"
        }
    ]
}