{
    "symbol": "FITB",
    "annualReports": [
        {
            "fiscalDateEnding": "2022-12-31",
            "reportedCurrency": "USD",
            "grossProfit": "3102000000",
            "totalRevenue": "8384000000",
            "costOfRevenue": "5282000000",
            "costofGoodsAndServicesSold": "None",
            "operatingIncome": "1192000000",
            "sellingGeneralAndAdministrative": "1291000000",
            "researchAndDevelopment": "None",
            "operatingExpenses": "1615000000",
            "investmentIncomeNet": "None",
            "netInterestIncome": "5609000000",
            "interestIncome": "6587000000",
            "interestExpense": "978000000",
            "nonInterestIncome": "2766000000",
            "otherNonOperatingIncome": "None",
            "depreciation": "121000000",
            "depreciationAndAmortization": "321000000",
            "incomeBeforeTax": "3093000000",
            "incomeTaxExpense": "647000000",
            "interestAndDebtExpense": "978000000",
            "netIncomeFromContinuingOperations": "2446000000",
            "comprehensiveIncomeNetOfTax": "-3871000000",
            "ebit": "4071000000",
            "ebitda": "4392000000",
            "netIncome": "2446000000"
        },
        {
            "fiscalDateEnding": "2021-12-31",
            "reportedCurrency": "USD",
            "grossProfit": "4335000000",
            "totalRevenue": "8706000000",
            "costOfRevenue": "4371000000",
            "costofGoodsAndServicesSold": "None",
            "operatingIncome": "2544000000",
            "sellingGeneralAndAdministrative": "1227000000",
            "researchAndDevelopment": "None",
            "operatingExpenses": "1573000000",
            "investmentIncomeNet": "None",
            "netInterestIncome": "4770000000",
            "interestIncome": "5211000000",
            "interestExpense": "441000000",
            "nonInterestIncome": "3118000000",
            "otherNonOperatingIncome": "None",
            "depreciation": "124000000",
            "depreciationAndAmortization": "317000000",
            "incomeBeforeTax": "3517000000",
            "incomeTaxExpense": "747000000",
            "interestAndDebtExpense": "441000000",
            "netIncomeFromContinuingOperations": "2770000000",
            "comprehensiveIncomeNetOfTax": "1376000000",
            "ebit": "3958000000",
            "ebitda": "4275000000",
            "netIncome": "2770000000"
        },
        {
            "fiscalDateEnding": "2020-12-31",
            "reportedCurrency": "USD",
            "grossProfit": "1148000000",
            "totalRevenue": "6963000000",
            "costOfRevenue": "5815000000",
            "costofGoodsAndServicesSold": "None",
            "operatingIncome": "-640000000",
            "sellingGeneralAndAdministrative": "1219000000",
            "researchAndDevelopment": "None",
            "operatingExpenses": "1567000000",
            "investmentIncomeNet": "None",
            "netInterestIncome": "4782000000",
            "interestIncome": "5572000000",
            "interestExpense": "790000000",
            "nonInterestIncome": "2830000000",
            "otherNonOperatingIncome": "None",
            "depreciation": "126000000",
            "depreciationAndAmortization": "311000000",
            "incomeBeforeTax": "1797000000",
            "incomeTaxExpense": "370000000",
            "interestAndDebtExpense": "790000000",
            "netIncomeFromContinuingOperations": "1427000000",
            "comprehensiveIncomeNetOfTax": "2836000000",
            "ebit": "2587000000",
            "ebitda": "2898000000",
            "netIncome": "1427000000"
        },
        {
            "fiscalDateEnding": "2019-12-31",
            "reportedCurrency": "USD",
            "grossProfit": "2725000000",
            "totalRevenue": "8327000000",
            "costOfRevenue": "5602000000",
            "costofGoodsAndServicesSold": "None",
            "operatingIncome": "384000000",
            "sellingGeneralAndAdministrative": "1669000000",
            "researchAndDevelopment": "None",
            "operatingExpenses": "2106000000",
            "investmentIncomeNet": "None",
            "netInterestIncome": "4797000000",
            "interestIncome": "6254000000",
            "interestExpense": "1457000000",
            "nonInterestIncome": "3536000000",
            "otherNonOperatingIncome": "None",
            "depreciation": "122000000",
            "depreciationAndAmortization": "300000000",
            "incomeBeforeTax": "3202000000",
            "incomeTaxExpense": "690000000",
            "interestAndDebtExpense": "1457000000",
            "netIncomeFromContinuingOperations": "2514000000",
            "comprehensiveIncomeNetOfTax": "3816000000",
            "ebit": "4659000000",
            "ebitda": "4959000000",
            "netIncome": "2512000000"
        },
        {
            "fiscalDateEnding": "2018-12-31",
            "reportedCurrency": "USD",
            "grossProfit": "2769000000",
            "totalRevenue": "6934000000",
            "costOfRevenue": "4165000000",
            "costofGoodsAndServicesSold": "1280000000",
            "operatingIncome": "-5442000000",
            "sellingGeneralAndAdministrative": "1439000000",
            "researchAndDevelopment": "None",
            "operatingExpenses": "7992000000",
            "investmentIncomeNet": "None",
            "netInterestIncome": "4140000000",
            "interestIncome": "5183000000",
            "interestExpense": "1043000000",
            "nonInterestIncome": "2790000000",
            "otherNonOperatingIncome": "None",
            "depreciation": "73000000",
            "depreciationAndAmortization": "243000000",
            "incomeBeforeTax": "2765000000",
            "incomeTaxExpense": "572000000",
            "interestAndDebtExpense": "1043000000",
            "netIncomeFromContinuingOperations": "2194000000",
            "comprehensiveIncomeNetOfTax": "2010000000",
            "ebit": "3808000000",
            "ebitda": "4051000000",
            "netIncome": "2193000000"
        }
    ],
    "quarterlyReports": [
        {
            "fiscalDateEnding": "2022-12-31",
            "reportedCurrency": "USD",
            "grossProfit": "908000000",
            "totalRevenue": "2306000000",
            "costOfRevenue": "1398000000",
            "costofGoodsAndServicesSold": "None",
            "operatingIncome": "-239000000",
            "sellingGeneralAndAdministrative": "578000000",
            "researchAndDevelopment": "None",
            "operatingExpenses": "852000000",
            "investmentIncomeNet": "None",
            "netInterestIncome": "1577000000",
            "interestIncome": "2075000000",
            "interestExpense": "498000000",
            "nonInterestIncome": "735000000",
            "otherNonOperatingIncome": "None",
            "depreciation": "32000000",
            "depreciationAndAmortization": "271000000",
            "incomeBeforeTax": "914000000",
            "incomeTaxExpense": "177000000",
            "interestAndDebtExpense": "974000000",
            "netIncomeFromContinuingOperations": "737000000",
            "comprehensiveIncomeNetOfTax": "933000000",
            "ebit": "1412000000",
            "ebitda": "1683000000",
            "netIncome": "737000000"
        },
        {
            "fiscalDateEnding": "2022-09-30",
            "reportedCurrency": "USD",
            "grossProfit": "836000000",
            "totalRevenue": "2161000000",
            "costOfRevenue": "1325000000",
            "costofGoodsAndServicesSold": "None",
            "operatingIncome": "569000000",
            "sellingGeneralAndAdministrative": "248000000",
            "researchAndDevelopment": "None",
            "operatingExpenses": "267000000",
            "investmentIncomeNet": "None",
            "netInterestIncome": "1498000000",
            "interestIncome": "1760000000",
            "interestExpense": "262000000",
            "nonInterestIncome": "672000000",
            "otherNonOperatingIncome": "None",
            "depreciation": "30000000",
            "depreciationAndAmortization": "18000000",
            "incomeBeforeTax": "845000000",
            "incomeTaxExpense": "192000000",
            "interestAndDebtExpense": "1000000",
            "netIncomeFromContinuingOperations": "653000000",
            "comprehensiveIncomeNetOfTax": "-2009000000",
            "ebit": "1107000000",
            "ebitda": "1125000000",
            "netIncome": "653000000"
        },
        {
            "fiscalDateEnding": "2022-06-30",
            "reportedCurrency": "USD",
            "grossProfit": "677000000",
            "totalRevenue": "1968000000",
            "costOfRevenue": "1291000000",
            "costofGoodsAndServicesSold": "None",
            "operatingIncome": "427000000",
            "sellingGeneralAndAdministrative": "232000000",
            "researchAndDevelopment": "None",
            "operatingExpenses": "250000000",
            "investmentIncomeNet": "None",
            "netInterestIncome": "1339000000",
            "interestIncome": "1464000000",
            "interestExpense": "125000000",
            "nonInterestIncome": "676000000",
            "otherNonOperatingIncome": "None",
            "depreciation": "30000000",
            "depreciationAndAmortization": "16000000",
            "incomeBeforeTax": "724000000",
            "incomeTaxExpense": "162000000",
            "interestAndDebtExpense": "1000000",
            "netIncomeFromContinuingOperations": "562000000",
            "comprehensiveIncomeNetOfTax": "-986000000",
            "ebit": "849000000",
            "ebitda": "865000000",
            "netIncome": "562000000"
        },
        {
            "fiscalDateEnding": "2022-03-31",
            "reportedCurrency": "USD",
            "grossProfit": "686000000",
            "totalRevenue": "1953000000",
            "costOfRevenue": "1267000000",
            "costofGoodsAndServicesSold": "None",
            "operatingIncome": "440000000",
            "sellingGeneralAndAdministrative": "234000000",
            "researchAndDevelopment": "None",
            "operatingExpenses": "246000000",
            "investmentIncomeNet": "None",
            "netInterestIncome": "1195000000",
            "interestIncome": "1289000000",
            "interestExpense": "94000000",
            "nonInterestIncome": "684000000",
            "otherNonOperatingIncome": "None",
            "depreciation": "29000000",
            "depreciationAndAmortization": "11000000",
            "incomeBeforeTax": "612000000",
            "incomeTaxExpense": "118000000",
            "interestAndDebtExpense": "1000000",
            "netIncomeFromContinuingOperations": "494000000",
            "comprehensiveIncomeNetOfTax": "-1809000000",
            "ebit": "706000000",
            "ebitda": "717000000",
            "netIncome": "494000000"
        },
        {
            "fiscalDateEnding": "2021-12-31",
            "reportedCurrency": "USD",
            "grossProfit": "990000000",
            "totalRevenue": "2150000000",
            "costOfRevenue": "1160000000",
            "costofGoodsAndServicesSold": "None",
            "operatingIncome": "-65000000",
            "sellingGeneralAndAdministrative": "533000000",
            "researchAndDevelopment": "None",
            "operatingExpenses": "837000000",
            "investmentIncomeNet": "None",
            "netInterestIncome": "1196000000",
            "interestIncome": "1295000000",
            "interestExpense": "99000000",
            "nonInterestIncome": "792000000",
            "otherNonOperatingIncome": "None",
            "depreciation": "29000000",
            "depreciationAndAmortization": "283000000",
            "incomeBeforeTax": "828000000",
            "incomeTaxExpense": "165000000",
            "interestAndDebtExpense": "438000000",
            "netIncomeFromContinuingOperations": "663000000",
            "comprehensiveIncomeNetOfTax": "233000000",
            "ebit": "927000000",
            "ebitda": "1210000000",
            "netIncome": "663000000"
        },
        {
            "fiscalDateEnding": "2021-09-30",
            "reportedCurrency": "USD",
            "grossProfit": "1050000000",
            "totalRevenue": "2180000000",
            "costOfRevenue": "1130000000",
            "costofGoodsAndServicesSold": "None",
            "operatingIncome": "795000000",
            "sellingGeneralAndAdministrative": "239000000",
            "researchAndDevelopment": "None",
            "operatingExpenses": "255000000",
            "investmentIncomeNet": "None",
            "netInterestIncome": "1189000000",
            "interestIncome": "1292000000",
            "interestExpense": "103000000",
            "nonInterestIncome": "836000000",
            "otherNonOperatingIncome": "None",
            "depreciation": "31000000",
            "depreciationAndAmortization": "12000000",
            "incomeBeforeTax": "895000000",
            "incomeTaxExpense": "191000000",
            "interestAndDebtExpense": "1000000",
            "netIncomeFromContinuingOperations": "704000000",
            "comprehensiveIncomeNetOfTax": "367000000",
            "ebit": "998000000",
            "ebitda": "1010000000",
            "netIncome": "704000000"
        },
        {
            "fiscalDateEnding": "2021-06-30",
            "reportedCurrency": "USD",
            "grossProfit": "1133000000",
            "totalRevenue": "2171000000",
            "costOfRevenue": "1038000000",
            "costofGoodsAndServicesSold": "None",
            "operatingIncome": "895000000",
            "sellingGeneralAndAdministrative": "224000000",
            "researchAndDevelopment": "None",
            "operatingExpenses": "238000000",
            "investmentIncomeNet": "None",
            "netInterestIncome": "1208000000",
            "interestIncome": "1323000000",
            "interestExpense": "115000000",
            "nonInterestIncome": "741000000",
            "otherNonOperatingIncome": "None",
            "depreciation": "31000000",
            "depreciationAndAmortization": "10000000",
            "incomeBeforeTax": "911000000",
            "incomeTaxExpense": "202000000",
            "interestAndDebtExpense": "1000000",
            "netIncomeFromContinuingOperations": "709000000",
            "comprehensiveIncomeNetOfTax": "891000000",
            "ebit": "1026000000",
            "ebitda": "1036000000",
            "netIncome": "709000000"
        },
        {
            "fiscalDateEnding": "2021-03-31",
            "reportedCurrency": "USD",
            "grossProfit": "1162000000",
            "totalRevenue": "2204000000",
            "costOfRevenue": "1042000000",
            "costofGoodsAndServicesSold": "None",
            "operatingIncome": "918000000",
            "sellingGeneralAndAdministrative": "230000000",
            "researchAndDevelopment": "None",
            "operatingExpenses": "244000000",
            "investmentIncomeNet": "None",
            "netInterestIncome": "1176000000",
            "interestIncome": "1302000000",
            "interestExpense": "126000000",
            "nonInterestIncome": "749000000",
            "otherNonOperatingIncome": "None",
            "depreciation": "32000000",
            "depreciationAndAmortization": "12000000",
            "incomeBeforeTax": "883000000",
            "incomeTaxExpense": "189000000",
            "interestAndDebtExpense": "1000000",
            "netIncomeFromContinuingOperations": "694000000",
            "comprehensiveIncomeNetOfTax": "-115000000",
            "ebit": "1009000000",
            "ebitda": "1021000000",
            "netIncome": "694000000"
        },
        {
            "fiscalDateEnding": "2020-12-31",
            "reportedCurrency": "USD",
            "grossProfit": "872000000",
            "totalRevenue": "2095000000",
            "costOfRevenue": "1223000000",
            "costofGoodsAndServicesSold": "None",
            "operatingIncome": "-142000000",
            "sellingGeneralAndAdministrative": "516000000",
            "researchAndDevelopment": "None",
            "operatingExpenses": "793000000",
            "investmentIncomeNet": "None",
            "netInterestIncome": "1182000000",
            "interestIncome": "1315000000",
            "interestExpense": "133000000",
            "nonInterestIncome": "787000000",
            "otherNonOperatingIncome": "None",
            "depreciation": "31000000",
            "depreciationAndAmortization": "268000000",
            "incomeBeforeTax": "746000000",
            "incomeTaxExpense": "142000000",
            "interestAndDebtExpense": "133000000",
            "netIncomeFromContinuingOperations": "604000000",
            "comprehensiveIncomeNetOfTax": "374000000",
            "ebit": "879000000",
            "ebitda": "1147000000",
            "netIncome": "604000000"
        },
        {
            "fiscalDateEnding": "2020-09-30",
            "reportedCurrency": "USD",
            "grossProfit": "874000000",
            "totalRevenue": "2020000000",
            "costOfRevenue": "1146000000",
            "costofGoodsAndServicesSold": "None",
            "operatingIncome": "613000000",
            "sellingGeneralAndAdministrative": "237000000",
            "researchAndDevelopment": "None",
            "operatingExpenses": "261000000",
            "investmentIncomeNet": "None",
            "netInterestIncome": "1170000000",
            "interestIncome": "1329000000",
            "interestExpense": "159000000",
            "nonInterestIncome": "722000000",
            "otherNonOperatingIncome": "None",
            "depreciation": "32000000",
            "depreciationAndAmortization": "13000000",
            "incomeBeforeTax": "746000000",
            "incomeTaxExpense": "165000000",
            "interestAndDebtExpense": "159000000",
            "netIncomeFromContinuingOperations": "581000000",
            "comprehensiveIncomeNetOfTax": "461000000",
            "ebit": "905000000",
            "ebitda": "918000000",
            "netIncome": "581000000"
        },
        {
            "fiscalDateEnding": "2020-06-30",
            "reportedCurrency": "USD",
            "grossProfit": "-134000000",
            "totalRevenue": "1472000000",
            "costOfRevenue": "1606000000",
            "costofGoodsAndServicesSold": "None",
            "operatingIncome": "-384000000",
            "sellingGeneralAndAdministrative": "225000000",
            "researchAndDevelopment": "None",
            "operatingExpenses": "250000000",
            "investmentIncomeNet": "None",
            "netInterestIncome": "1200000000",
            "interestIncome": "1403000000",
            "interestExpense": "203000000",
            "nonInterestIncome": "650000000",
            "otherNonOperatingIncome": "None",
            "depreciation": "31000000",
            "depreciationAndAmortization": "13000000",
            "incomeBeforeTax": "244000000",
            "incomeTaxExpense": "49000000",
            "interestAndDebtExpense": "203000000",
            "netIncomeFromContinuingOperations": "195000000",
            "comprehensiveIncomeNetOfTax": "669000000",
            "ebit": "447000000",
            "ebitda": "460000000",
            "netIncome": "195000000"
        },
        {
            "fiscalDateEnding": "2020-03-31",
            "reportedCurrency": "USD",
            "grossProfit": "-465000000",
            "totalRevenue": "1375000000",
            "costOfRevenue": "1840000000",
            "costofGoodsAndServicesSold": "None",
            "operatingIncome": "-766000000",
            "sellingGeneralAndAdministrative": "206000000",
            "researchAndDevelopment": "None",
            "operatingExpenses": "301000000",
            "investmentIncomeNet": "None",
            "netInterestIncome": "1229000000",
            "interestIncome": "1525000000",
            "interestExpense": "296000000",
            "nonInterestIncome": "671000000",
            "otherNonOperatingIncome": "None",
            "depreciation": "31000000",
            "depreciationAndAmortization": "16000000",
            "incomeBeforeTax": "60000000",
            "incomeTaxExpense": "14000000",
            "interestAndDebtExpense": "296000000",
            "netIncomeFromContinuingOperations": "46000000",
            "comprehensiveIncomeNetOfTax": "1331000000",
            "ebit": "356000000",
            "ebitda": "372000000",
            "netIncome": "46000000"
        },
        {
            "fiscalDateEnding": "2019-12-31",
            "reportedCurrency": "USD",
            "grossProfit": "838000000",
            "totalRevenue": "2645000000",
            "costOfRevenue": "1807000000",
            "costofGoodsAndServicesSold": "None",
            "operatingIncome": "-515000000",
            "sellingGeneralAndAdministrative": "786000000",
            "researchAndDevelopment": "None",
            "operatingExpenses": "1118000000",
            "investmentIncomeNet": "None",
            "netInterestIncome": "1228000000",
            "interestIncome": "1560000000",
            "interestExpense": "332000000",
            "nonInterestIncome": "1035000000",
            "otherNonOperatingIncome": "None",
            "depreciation": "None",
            "depreciationAndAmortization": "269000000",
            "incomeBeforeTax": "941000000",
            "incomeTaxExpense": "207000000",
            "interestAndDebtExpense": "332000000",
            "netIncomeFromContinuingOperations": "736000000",
            "comprehensiveIncomeNetOfTax": "291000000",
            "ebit": "1273000000",
            "ebitda": "1542000000",
            "netIncome": "734000000"
        },
        {
            "fiscalDateEnding": "2019-09-30",
            "reportedCurrency": "USD",
            "grossProfit": "576000000",
            "totalRevenue": "1862000000",
            "costOfRevenue": "1286000000",
            "costofGoodsAndServicesSold": "None",
            "operatingIncome": "276000000",
            "sellingGeneralAndAdministrative": "271000000",
            "researchAndDevelopment": "None",
            "operatingExpenses": "300000000",
            "investmentIncomeNet": "None",
            "netInterestIncome": "1242000000",
            "interestIncome": "1625000000",
            "interestExpense": "383000000",
            "nonInterestIncome": "740000000",
            "otherNonOperatingIncome": "None",
            "depreciation": "None",
            "depreciationAndAmortization": "14000000",
            "incomeBeforeTax": "689000000",
            "incomeTaxExpense": "140000000",
            "interestAndDebtExpense": "383000000",
            "netIncomeFromContinuingOperations": "549000000",
            "comprehensiveIncomeNetOfTax": "1006000000",
            "ebit": "1072000000",
            "ebitda": "1086000000",
            "netIncome": "549000000"
        },
        {
            "fiscalDateEnding": "2019-06-30",
            "reportedCurrency": "USD",
            "grossProfit": "509000000",
            "totalRevenue": "1830000000",
            "costOfRevenue": "1321000000",
            "costofGoodsAndServicesSold": "None",
            "operatingIncome": "151000000",
            "sellingGeneralAndAdministrative": "321000000",
            "researchAndDevelopment": "None",
            "operatingExpenses": "358000000",
            "investmentIncomeNet": "None",
            "netInterestIncome": "1245000000",
            "interestIncome": "1636000000",
            "interestExpense": "391000000",
            "nonInterestIncome": "660000000",
            "otherNonOperatingIncome": "None",
            "depreciation": "None",
            "depreciationAndAmortization": "14000000",
            "incomeBeforeTax": "577000000",
            "incomeTaxExpense": "124000000",
            "interestAndDebtExpense": "391000000",
            "netIncomeFromContinuingOperations": "453000000",
            "comprehensiveIncomeNetOfTax": "1222000000",
            "ebit": "968000000",
            "ebitda": "982000000",
            "netIncome": "453000000"
        },
        {
            "fiscalDateEnding": "2019-03-31",
            "reportedCurrency": "USD",
            "grossProfit": "916000000",
            "totalRevenue": "2102000000",
            "costOfRevenue": "1186000000",
            "costofGoodsAndServicesSold": "None",
            "operatingIncome": "665000000",
            "sellingGeneralAndAdministrative": "289000000",
            "researchAndDevelopment": "None",
            "operatingExpenses": "251000000",
            "investmentIncomeNet": "None",
            "netInterestIncome": "1082000000",
            "interestIncome": "1433000000",
            "interestExpense": "351000000",
            "nonInterestIncome": "1101000000",
            "otherNonOperatingIncome": "None",
            "depreciation": "None",
            "depreciationAndAmortization": "3000000",
            "incomeBeforeTax": "996000000",
            "incomeTaxExpense": "221000000",
            "interestAndDebtExpense": "351000000",
            "netIncomeFromContinuingOperations": "775000000",
            "comprehensiveIncomeNetOfTax": "1296000000",
            "ebit": "1347000000",
            "ebitda": "1350000000",
            "netIncome": "775000000"
        },
        {
            "fiscalDateEnding": "2018-12-31",
            "reportedCurrency": "USD",
            "grossProfit": "852000000",
            "totalRevenue": "1785000000",
            "costOfRevenue": "933000000",
            "costofGoodsAndServicesSold": "407000000",
            "operatingIncome": "-6602000000",
            "sellingGeneralAndAdministrative": "744000000",
            "researchAndDevelopment": "None",
            "operatingExpenses": "7235000000",
            "investmentIncomeNet": "None",
            "netInterestIncome": "1081000000",
            "interestIncome": "1393000000",
            "interestExpense": "312000000",
            "nonInterestIncome": "575000000",
            "otherNonOperatingIncome": "None",
            "depreciation": "None",
            "depreciationAndAmortization": "239000000",
            "incomeBeforeTax": "586000000",
            "incomeTaxExpense": "130000000",
            "interestAndDebtExpense": "312000000",
            "netIncomeFromContinuingOperations": "473000000",
            "comprehensiveIncomeNetOfTax": "1119000000",
            "ebit": "898000000",
            "ebitda": "1137000000",
            "netIncome": "456000000"
        },
        {
            "fiscalDateEnding": "2018-09-30",
            "reportedCurrency": "USD",
            "grossProfit": "432000000",
            "totalRevenue": "1526000000",
            "costOfRevenue": "1094000000",
            "costofGoodsAndServicesSold": "359000000",
            "operatingIncome": "202000000",
            "sellingGeneralAndAdministrative": "223000000",
            "researchAndDevelopment": "None",
            "operatingExpenses": "230000000",
            "investmentIncomeNet": "None",
            "netInterestIncome": "1043000000",
            "interestIncome": "1315000000",
            "interestExpense": "272000000",
            "nonInterestIncome": "563000000",
            "otherNonOperatingIncome": "None",
            "depreciation": "None",
            "depreciationAndAmortization": "2000000",
            "incomeBeforeTax": "550000000",
            "incomeTaxExpense": "114000000",
            "interestAndDebtExpense": "272000000",
            "netIncomeFromContinuingOperations": "433000000",
            "comprehensiveIncomeNetOfTax": "213000000",
            "ebit": "822000000",
            "ebitda": "824000000",
            "netIncome": "436000000"
        },
        {
            "fiscalDateEnding": "2018-06-30",
            "reportedCurrency": "USD",
            "grossProfit": "666000000",
            "totalRevenue": "1736000000",
            "costOfRevenue": "1070000000",
            "costofGoodsAndServicesSold": "281000000",
            "operatingIncome": "35000000",
            "sellingGeneralAndAdministrative": "612000000",
            "researchAndDevelopment": "None",
            "operatingExpenses": "631000000",
            "investmentIncomeNet": "None",
            "netInterestIncome": "1020000000",
            "interestIncome": "1269000000",
            "interestExpense": "249000000",
            "nonInterestIncome": "743000000",
            "otherNonOperatingIncome": "None",
            "depreciation": "None",
            "depreciationAndAmortization": "1000000",
            "incomeBeforeTax": "748000000",
            "incomeTaxExpense": "146000000",
            "interestAndDebtExpense": "249000000",
            "netIncomeFromContinuingOperations": "586000000",
            "comprehensiveIncomeNetOfTax": "439000000",
            "ebit": "997000000",
            "ebitda": "998000000",
            "netIncome": "602000000"
        },
        {
            "fiscalDateEnding": "2018-03-31",
            "reportedCurrency": "USD",
            "grossProfit": "818000000",
            "totalRevenue": "1887000000",
            "costOfRevenue": "1069000000",
            "costofGoodsAndServicesSold": "233000000",
            "operatingIncome": "192000000",
            "sellingGeneralAndAdministrative": "590000000",
            "researchAndDevelopment": "None",
            "operatingExpenses": "626000000",
            "investmentIncomeNet": "None",
            "netInterestIncome": "996000000",
            "interestIncome": "1206000000",
            "interestExpense": "210000000",
            "nonInterestIncome": "909000000",
            "otherNonOperatingIncome": "None",
            "depreciation": "None",
            "depreciationAndAmortization": "1000000",
            "incomeBeforeTax": "882000000",
            "incomeTaxExpense": "181000000",
            "interestAndDebtExpense": "210000000",
            "netIncomeFromContinuingOperations": "704000000",
            "comprehensiveIncomeNetOfTax": "241000000",
            "ebit": "1092000000",
            "ebitda": "1093000000",
            "netIncome": "701000000"
        }
    ]
}