{
    "symbol": "HIG",
    "annualReports": [
        {
            "fiscalDateEnding": "2022-12-31",
            "reportedCurrency": "USD",
            "grossProfit": "-10813000000",
            "totalRevenue": "22362000000",
            "costOfRevenue": "33175000000",
            "costofGoodsAndServicesSold": "None",
            "operatingIncome": "-15869000000",
            "sellingGeneralAndAdministrative": "4830000000",
            "researchAndDevelopment": "None",
            "operatingExpenses": "5056000000",
            "investmentIncomeNet": "-80000000",
            "netInterestIncome": "-213000000",
            "interestIncome": "213000000",
            "interestExpense": "213000000",
            "nonInterestIncome": "20804000000",
            "otherNonOperatingIncome": "None",
            "depreciation": "None",
            "depreciationAndAmortization": "213000000",
            "incomeBeforeTax": "2258000000",
            "incomeTaxExpense": "443000000",
            "interestAndDebtExpense": "222000000",
            "netIncomeFromContinuingOperations": "1815000000",
            "comprehensiveIncomeNetOfTax": "-2233000000",
            "ebit": "2471000000",
            "ebitda": "2684000000",
            "netIncome": "1815000000"
        },
        {
            "fiscalDateEnding": "2021-12-31",
            "reportedCurrency": "USD",
            "grossProfit": "-9870000000",
            "totalRevenue": "22390000000",
            "costOfRevenue": "32260000000",
            "costofGoodsAndServicesSold": "None",
            "operatingIncome": "-14992000000",
            "sellingGeneralAndAdministrative": "4779000000",
            "researchAndDevelopment": "None",
            "operatingExpenses": "5122000000",
            "investmentIncomeNet": "-80000000",
            "netInterestIncome": "-234000000",
            "interestIncome": "234000000",
            "interestExpense": "234000000",
            "nonInterestIncome": "19568000000",
            "otherNonOperatingIncome": "None",
            "depreciation": "None",
            "depreciationAndAmortization": "282000000",
            "incomeBeforeTax": "2896000000",
            "incomeTaxExpense": "531000000",
            "interestAndDebtExpense": "234000000",
            "netIncomeFromContinuingOperations": "2365000000",
            "comprehensiveIncomeNetOfTax": "1367000000",
            "ebit": "3130000000",
            "ebitda": "3412000000",
            "netIncome": "2365000000"
        },
        {
            "fiscalDateEnding": "2020-12-31",
            "reportedCurrency": "USD",
            "grossProfit": "-9690000000",
            "totalRevenue": "20523000000",
            "costOfRevenue": "30213000000",
            "costofGoodsAndServicesSold": "None",
            "operatingIncome": "-14587000000",
            "sellingGeneralAndAdministrative": "4480000000",
            "researchAndDevelopment": "None",
            "operatingExpenses": "4945000000",
            "investmentIncomeNet": "-71000000",
            "netInterestIncome": "-236000000",
            "interestIncome": "236000000",
            "interestExpense": "236000000",
            "nonInterestIncome": "18600000000",
            "otherNonOperatingIncome": "None",
            "depreciation": "None",
            "depreciationAndAmortization": "271000000",
            "incomeBeforeTax": "2120000000",
            "incomeTaxExpense": "383000000",
            "interestAndDebtExpense": "236000000",
            "netIncomeFromContinuingOperations": "1737000000",
            "comprehensiveIncomeNetOfTax": "2855000000",
            "ebit": "2356000000",
            "ebitda": "2627000000",
            "netIncome": "1737000000"
        },
        {
            "fiscalDateEnding": "2019-12-31",
            "reportedCurrency": "USD",
            "grossProfit": "-4234000000",
            "totalRevenue": "20740000000",
            "costOfRevenue": "24974000000",
            "costofGoodsAndServicesSold": "13094000000",
            "operatingIncome": "-8814000000",
            "sellingGeneralAndAdministrative": "4580000000",
            "researchAndDevelopment": "None",
            "operatingExpenses": "4580000000",
            "investmentIncomeNet": "-83000000",
            "netInterestIncome": "-259000000",
            "interestIncome": "259000000",
            "interestExpense": "259000000",
            "nonInterestIncome": "18237000000",
            "otherNonOperatingIncome": "None",
            "depreciation": "None",
            "depreciationAndAmortization": "283000000",
            "incomeBeforeTax": "2560000000",
            "incomeTaxExpense": "475000000",
            "interestAndDebtExpense": "349000000",
            "netIncomeFromContinuingOperations": "2085000000",
            "comprehensiveIncomeNetOfTax": "3716000000",
            "ebit": "2819000000",
            "ebitda": "3102000000",
            "netIncome": "2085000000"
        },
        {
            "fiscalDateEnding": "2018-12-31",
            "reportedCurrency": "USD",
            "grossProfit": "-5177000000",
            "totalRevenue": "18955000000",
            "costOfRevenue": "24132000000",
            "costofGoodsAndServicesSold": "12549000000",
            "operatingIncome": "-9458000000",
            "sellingGeneralAndAdministrative": "4281000000",
            "researchAndDevelopment": "None",
            "operatingExpenses": "4281000000",
            "investmentIncomeNet": "-77000000",
            "netInterestIncome": "-298000000",
            "interestIncome": "298000000",
            "interestExpense": "298000000",
            "nonInterestIncome": "15868000000",
            "otherNonOperatingIncome": "None",
            "depreciation": "None",
            "depreciationAndAmortization": "232000000",
            "incomeBeforeTax": "2075000000",
            "incomeTaxExpense": "268000000",
            "interestAndDebtExpense": "304000000",
            "netIncomeFromContinuingOperations": "1485000000",
            "comprehensiveIncomeNetOfTax": "-430000000",
            "ebit": "2373000000",
            "ebitda": "2605000000",
            "netIncome": "1807000000"
        }
    ],
    "quarterlyReports": [
        {
            "fiscalDateEnding": "2022-12-31",
            "reportedCurrency": "USD",
            "grossProfit": "-2900000000",
            "totalRevenue": "6016000000",
            "costOfRevenue": "8916000000",
            "costofGoodsAndServicesSold": "None",
            "operatingIncome": "-4261000000",
            "sellingGeneralAndAdministrative": "1198000000",
            "researchAndDevelopment": "None",
            "operatingExpenses": "1361000000",
            "investmentIncomeNet": "None",
            "netInterestIncome": "-50000000",
            "interestIncome": "50000000",
            "interestExpense": "50000000",
            "nonInterestIncome": "5354000000",
            "otherNonOperatingIncome": "None",
            "depreciation": "None",
            "depreciationAndAmortization": "160000000",
            "incomeBeforeTax": "732000000",
            "incomeTaxExpense": "143000000",
            "interestAndDebtExpense": "50000000",
            "netIncomeFromContinuingOperations": "589000000",
            "comprehensiveIncomeNetOfTax": "1127000000",
            "ebit": "782000000",
            "ebitda": "942000000",
            "netIncome": "589000000"
        },
        {
            "fiscalDateEnding": "2022-09-30",
            "reportedCurrency": "USD",
            "grossProfit": "-2927000000",
            "totalRevenue": "5580000000",
            "costOfRevenue": "8507000000",
            "costofGoodsAndServicesSold": "None",
            "operatingIncome": "-4151000000",
            "sellingGeneralAndAdministrative": "1203000000",
            "researchAndDevelopment": "None",
            "operatingExpenses": "1224000000",
            "investmentIncomeNet": "None",
            "netInterestIncome": "-50000000",
            "interestIncome": "50000000",
            "interestExpense": "50000000",
            "nonInterestIncome": "5258000000",
            "otherNonOperatingIncome": "None",
            "depreciation": "None",
            "depreciationAndAmortization": "18000000",
            "incomeBeforeTax": "431000000",
            "incomeTaxExpense": "92000000",
            "interestAndDebtExpense": "50000000",
            "netIncomeFromContinuingOperations": "339000000",
            "comprehensiveIncomeNetOfTax": "-813000000",
            "ebit": "481000000",
            "ebitda": "499000000",
            "netIncome": "339000000"
        },
        {
            "fiscalDateEnding": "2022-06-30",
            "reportedCurrency": "USD",
            "grossProfit": "-2473000000",
            "totalRevenue": "5373000000",
            "costOfRevenue": "7846000000",
            "costofGoodsAndServicesSold": "None",
            "operatingIncome": "-3714000000",
            "sellingGeneralAndAdministrative": "1222000000",
            "researchAndDevelopment": "None",
            "operatingExpenses": "1241000000",
            "investmentIncomeNet": "None",
            "netInterestIncome": "-51000000",
            "interestIncome": "51000000",
            "interestExpense": "51000000",
            "nonInterestIncome": "5171000000",
            "otherNonOperatingIncome": "None",
            "depreciation": "None",
            "depreciationAndAmortization": "17000000",
            "incomeBeforeTax": "552000000",
            "incomeTaxExpense": "110000000",
            "interestAndDebtExpense": "51000000",
            "netIncomeFromContinuingOperations": "442000000",
            "comprehensiveIncomeNetOfTax": "-1121000000",
            "ebit": "603000000",
            "ebitda": "620000000",
            "netIncome": "442000000"
        },
        {
            "fiscalDateEnding": "2022-03-31",
            "reportedCurrency": "USD",
            "grossProfit": "-2513000000",
            "totalRevenue": "5393000000",
            "costOfRevenue": "7906000000",
            "costofGoodsAndServicesSold": "None",
            "operatingIncome": "-3743000000",
            "sellingGeneralAndAdministrative": "1207000000",
            "researchAndDevelopment": "None",
            "operatingExpenses": "1230000000",
            "investmentIncomeNet": "None",
            "netInterestIncome": "-62000000",
            "interestIncome": "62000000",
            "interestExpense": "62000000",
            "nonInterestIncome": "5030000000",
            "otherNonOperatingIncome": "None",
            "depreciation": "None",
            "depreciationAndAmortization": "18000000",
            "incomeBeforeTax": "543000000",
            "incomeTaxExpense": "98000000",
            "interestAndDebtExpense": "62000000",
            "netIncomeFromContinuingOperations": "445000000",
            "comprehensiveIncomeNetOfTax": "-1426000000",
            "ebit": "605000000",
            "ebitda": "623000000",
            "netIncome": "445000000"
        },
        {
            "fiscalDateEnding": "2021-12-31",
            "reportedCurrency": "USD",
            "grossProfit": "-2482000000",
            "totalRevenue": "5816000000",
            "costOfRevenue": "8298000000",
            "costofGoodsAndServicesSold": "None",
            "operatingIncome": "-4006000000",
            "sellingGeneralAndAdministrative": "1233000000",
            "researchAndDevelopment": "None",
            "operatingExpenses": "1524000000",
            "investmentIncomeNet": "None",
            "netInterestIncome": "-62000000",
            "interestIncome": "62000000",
            "interestExpense": "62000000",
            "nonInterestIncome": "5030000000",
            "otherNonOperatingIncome": "None",
            "depreciation": "None",
            "depreciationAndAmortization": "229000000",
            "incomeBeforeTax": "900000000",
            "incomeTaxExpense": "171000000",
            "interestAndDebtExpense": "62000000",
            "netIncomeFromContinuingOperations": "729000000",
            "comprehensiveIncomeNetOfTax": "594000000",
            "ebit": "962000000",
            "ebitda": "1191000000",
            "netIncome": "729000000"
        },
        {
            "fiscalDateEnding": "2021-09-30",
            "reportedCurrency": "USD",
            "grossProfit": "-2779000000",
            "totalRevenue": "5686000000",
            "costOfRevenue": "8465000000",
            "costofGoodsAndServicesSold": "None",
            "operatingIncome": "-3985000000",
            "sellingGeneralAndAdministrative": "1200000000",
            "researchAndDevelopment": "None",
            "operatingExpenses": "1206000000",
            "investmentIncomeNet": "None",
            "netInterestIncome": "-58000000",
            "interestIncome": "58000000",
            "interestExpense": "58000000",
            "nonInterestIncome": "4964000000",
            "otherNonOperatingIncome": "None",
            "depreciation": "None",
            "depreciationAndAmortization": "18000000",
            "incomeBeforeTax": "583000000",
            "incomeTaxExpense": "101000000",
            "interestAndDebtExpense": "58000000",
            "netIncomeFromContinuingOperations": "482000000",
            "comprehensiveIncomeNetOfTax": "219000000",
            "ebit": "641000000",
            "ebitda": "659000000",
            "netIncome": "482000000"
        },
        {
            "fiscalDateEnding": "2021-06-30",
            "reportedCurrency": "USD",
            "grossProfit": "-1619000000",
            "totalRevenue": "5589000000",
            "costOfRevenue": "7208000000",
            "costofGoodsAndServicesSold": "None",
            "operatingIncome": "-2838000000",
            "sellingGeneralAndAdministrative": "1202000000",
            "researchAndDevelopment": "None",
            "operatingExpenses": "1219000000",
            "investmentIncomeNet": "None",
            "netInterestIncome": "-57000000",
            "interestIncome": "57000000",
            "interestExpense": "57000000",
            "nonInterestIncome": "4856000000",
            "otherNonOperatingIncome": "None",
            "depreciation": "None",
            "depreciationAndAmortization": "17000000",
            "incomeBeforeTax": "1110000000",
            "incomeTaxExpense": "205000000",
            "interestAndDebtExpense": "57000000",
            "netIncomeFromContinuingOperations": "905000000",
            "comprehensiveIncomeNetOfTax": "1211000000",
            "ebit": "1167000000",
            "ebitda": "1184000000",
            "netIncome": "905000000"
        },
        {
            "fiscalDateEnding": "2021-03-31",
            "reportedCurrency": "USD",
            "grossProfit": "-2990000000",
            "totalRevenue": "5299000000",
            "costOfRevenue": "8289000000",
            "costofGoodsAndServicesSold": "None",
            "operatingIncome": "-4163000000",
            "sellingGeneralAndAdministrative": "1144000000",
            "researchAndDevelopment": "None",
            "operatingExpenses": "1173000000",
            "investmentIncomeNet": "None",
            "netInterestIncome": "-57000000",
            "interestIncome": "57000000",
            "interestExpense": "57000000",
            "nonInterestIncome": "4717000000",
            "otherNonOperatingIncome": "None",
            "depreciation": "None",
            "depreciationAndAmortization": "18000000",
            "incomeBeforeTax": "303000000",
            "incomeTaxExpense": "54000000",
            "interestAndDebtExpense": "57000000",
            "netIncomeFromContinuingOperations": "249000000",
            "comprehensiveIncomeNetOfTax": "-657000000",
            "ebit": "360000000",
            "ebitda": "378000000",
            "netIncome": "249000000"
        },
        {
            "fiscalDateEnding": "2020-12-31",
            "reportedCurrency": "USD",
            "grossProfit": "5328000000",
            "totalRevenue": "5328000000",
            "costOfRevenue": "7940000000",
            "costofGoodsAndServicesSold": "None",
            "operatingIncome": "5328000000",
            "sellingGeneralAndAdministrative": "1086000000",
            "researchAndDevelopment": "None",
            "operatingExpenses": "1460000000",
            "investmentIncomeNet": "None",
            "netInterestIncome": "-57000000",
            "interestIncome": "57000000",
            "interestExpense": "57000000",
            "nonInterestIncome": "4571000000",
            "otherNonOperatingIncome": "None",
            "depreciation": "None",
            "depreciationAndAmortization": "216000000",
            "incomeBeforeTax": "652000000",
            "incomeTaxExpense": "115000000",
            "interestAndDebtExpense": "57000000",
            "netIncomeFromContinuingOperations": "537000000",
            "comprehensiveIncomeNetOfTax": "851000000",
            "ebit": "709000000",
            "ebitda": "925000000",
            "netIncome": "537000000"
        },
        {
            "fiscalDateEnding": "2020-09-30",
            "reportedCurrency": "USD",
            "grossProfit": "-2372000000",
            "totalRevenue": "5171000000",
            "costOfRevenue": "7543000000",
            "costofGoodsAndServicesSold": "None",
            "operatingIncome": "-3570000000",
            "sellingGeneralAndAdministrative": "1093000000",
            "researchAndDevelopment": "None",
            "operatingExpenses": "1147000000",
            "investmentIncomeNet": "None",
            "netInterestIncome": "-58000000",
            "interestIncome": "58000000",
            "interestExpense": "58000000",
            "nonInterestIncome": "4744000000",
            "otherNonOperatingIncome": "None",
            "depreciation": "None",
            "depreciationAndAmortization": "18000000",
            "incomeBeforeTax": "532000000",
            "incomeTaxExpense": "73000000",
            "interestAndDebtExpense": "58000000",
            "netIncomeFromContinuingOperations": "459000000",
            "comprehensiveIncomeNetOfTax": "836000000",
            "ebit": "590000000",
            "ebitda": "608000000",
            "netIncome": "459000000"
        },
        {
            "fiscalDateEnding": "2020-06-30",
            "reportedCurrency": "USD",
            "grossProfit": "-2198000000",
            "totalRevenue": "5068000000",
            "costOfRevenue": "7266000000",
            "costofGoodsAndServicesSold": "None",
            "operatingIncome": "-3341000000",
            "sellingGeneralAndAdministrative": "1125000000",
            "researchAndDevelopment": "None",
            "operatingExpenses": "1143000000",
            "investmentIncomeNet": "None",
            "netInterestIncome": "-57000000",
            "interestIncome": "57000000",
            "interestExpense": "57000000",
            "nonInterestIncome": "4553000000",
            "otherNonOperatingIncome": "None",
            "depreciation": "None",
            "depreciationAndAmortization": "18000000",
            "incomeBeforeTax": "592000000",
            "incomeTaxExpense": "124000000",
            "interestAndDebtExpense": "57000000",
            "netIncomeFromContinuingOperations": "468000000",
            "comprehensiveIncomeNetOfTax": "1904000000",
            "ebit": "649000000",
            "ebitda": "667000000",
            "netIncome": "468000000"
        },
        {
            "fiscalDateEnding": "2020-03-31",
            "reportedCurrency": "USD",
            "grossProfit": "-1332000000",
            "totalRevenue": "4956000000",
            "costOfRevenue": "6288000000",
            "costofGoodsAndServicesSold": "None",
            "operatingIncome": "-2508000000",
            "sellingGeneralAndAdministrative": "1176000000",
            "researchAndDevelopment": "None",
            "operatingExpenses": "1176000000",
            "investmentIncomeNet": "None",
            "netInterestIncome": "-64000000",
            "interestIncome": "64000000",
            "interestExpense": "64000000",
            "nonInterestIncome": "4732000000",
            "otherNonOperatingIncome": "None",
            "depreciation": "None",
            "depreciationAndAmortization": "19000000",
            "incomeBeforeTax": "344000000",
            "incomeTaxExpense": "71000000",
            "interestAndDebtExpense": "64000000",
            "netIncomeFromContinuingOperations": "273000000",
            "comprehensiveIncomeNetOfTax": "-736000000",
            "ebit": "408000000",
            "ebitda": "427000000",
            "netIncome": "273000000"
        },
        {
            "fiscalDateEnding": "2019-12-31",
            "reportedCurrency": "USD",
            "grossProfit": "5361000000",
            "totalRevenue": "5361000000",
            "costOfRevenue": "6677000000",
            "costofGoodsAndServicesSold": "3377000000",
            "operatingIncome": "5361000000",
            "sellingGeneralAndAdministrative": "1224000000",
            "researchAndDevelopment": "None",
            "operatingExpenses": "1224000000",
            "investmentIncomeNet": "None",
            "netInterestIncome": "-65000000",
            "interestIncome": "65000000",
            "interestExpense": "65000000",
            "nonInterestIncome": "4775000000",
            "otherNonOperatingIncome": "None",
            "depreciation": "None",
            "depreciationAndAmortization": "236000000",
            "incomeBeforeTax": "676000000",
            "incomeTaxExpense": "128000000",
            "interestAndDebtExpense": "65000000",
            "netIncomeFromContinuingOperations": "548000000",
            "comprehensiveIncomeNetOfTax": "386000000",
            "ebit": "741000000",
            "ebitda": "977000000",
            "netIncome": "548000000"
        },
        {
            "fiscalDateEnding": "2019-09-30",
            "reportedCurrency": "USD",
            "grossProfit": "-937000000",
            "totalRevenue": "5347000000",
            "costOfRevenue": "6284000000",
            "costofGoodsAndServicesSold": "3351000000",
            "operatingIncome": "-2104000000",
            "sellingGeneralAndAdministrative": "1167000000",
            "researchAndDevelopment": "None",
            "operatingExpenses": "1167000000",
            "investmentIncomeNet": "None",
            "netInterestIncome": "-67000000",
            "interestIncome": "67000000",
            "interestExpense": "67000000",
            "nonInterestIncome": "4663000000",
            "otherNonOperatingIncome": "None",
            "depreciation": "None",
            "depreciationAndAmortization": "19000000",
            "incomeBeforeTax": "653000000",
            "incomeTaxExpense": "118000000",
            "interestAndDebtExpense": "157000000",
            "netIncomeFromContinuingOperations": "535000000",
            "comprehensiveIncomeNetOfTax": "947000000",
            "ebit": "720000000",
            "ebitda": "739000000",
            "netIncome": "535000000"
        },
        {
            "fiscalDateEnding": "2019-06-30",
            "reportedCurrency": "USD",
            "grossProfit": "-1183000000",
            "totalRevenue": "5092000000",
            "costOfRevenue": "6275000000",
            "costofGoodsAndServicesSold": "3326000000",
            "operatingIncome": "-2324000000",
            "sellingGeneralAndAdministrative": "1141000000",
            "researchAndDevelopment": "None",
            "operatingExpenses": "1141000000",
            "investmentIncomeNet": "None",
            "netInterestIncome": "-63000000",
            "interestIncome": "63000000",
            "interestExpense": "63000000",
            "nonInterestIncome": "4520000000",
            "otherNonOperatingIncome": "None",
            "depreciation": "None",
            "depreciationAndAmortization": "15000000",
            "incomeBeforeTax": "456000000",
            "incomeTaxExpense": "84000000",
            "interestAndDebtExpense": "63000000",
            "netIncomeFromContinuingOperations": "372000000",
            "comprehensiveIncomeNetOfTax": "1059000000",
            "ebit": "519000000",
            "ebitda": "534000000",
            "netIncome": "372000000"
        },
        {
            "fiscalDateEnding": "2019-03-31",
            "reportedCurrency": "USD",
            "grossProfit": "-798000000",
            "totalRevenue": "4940000000",
            "costOfRevenue": "5738000000",
            "costofGoodsAndServicesSold": "3040000000",
            "operatingIncome": "-1846000000",
            "sellingGeneralAndAdministrative": "1048000000",
            "researchAndDevelopment": "None",
            "operatingExpenses": "1048000000",
            "investmentIncomeNet": "None",
            "netInterestIncome": "-64000000",
            "interestIncome": "64000000",
            "interestExpense": "64000000",
            "nonInterestIncome": "4279000000",
            "otherNonOperatingIncome": "None",
            "depreciation": "None",
            "depreciationAndAmortization": "13000000",
            "incomeBeforeTax": "775000000",
            "incomeTaxExpense": "145000000",
            "interestAndDebtExpense": "64000000",
            "netIncomeFromContinuingOperations": "630000000",
            "comprehensiveIncomeNetOfTax": "1324000000",
            "ebit": "839000000",
            "ebitda": "852000000",
            "netIncome": "630000000"
        },
        {
            "fiscalDateEnding": "2018-12-31",
            "reportedCurrency": "USD",
            "grossProfit": "4633000000",
            "totalRevenue": "4633000000",
            "costOfRevenue": "6606000000",
            "costofGoodsAndServicesSold": "3296000000",
            "operatingIncome": "4633000000",
            "sellingGeneralAndAdministrative": "1074000000",
            "researchAndDevelopment": "None",
            "operatingExpenses": "1086000000",
            "investmentIncomeNet": "None",
            "netInterestIncome": "-70000000",
            "interestIncome": "None",
            "interestExpense": "70000000",
            "nonInterestIncome": "4001000000",
            "otherNonOperatingIncome": "None",
            "depreciation": "None",
            "depreciationAndAmortization": "178000000",
            "incomeBeforeTax": "167000000",
            "incomeTaxExpense": "-29000000",
            "interestAndDebtExpense": "70000000",
            "netIncomeFromContinuingOperations": "196000000",
            "comprehensiveIncomeNetOfTax": "136000000",
            "ebit": "237000000",
            "ebitda": "415000000",
            "netIncome": "196000000"
        },
        {
            "fiscalDateEnding": "2018-09-30",
            "reportedCurrency": "USD",
            "grossProfit": "-1096000000",
            "totalRevenue": "4842000000",
            "costOfRevenue": "5938000000",
            "costofGoodsAndServicesSold": "3134000000",
            "operatingIncome": "-2187000000",
            "sellingGeneralAndAdministrative": "1079000000",
            "researchAndDevelopment": "None",
            "operatingExpenses": "1091000000",
            "investmentIncomeNet": "None",
            "netInterestIncome": "-69000000",
            "interestIncome": "None",
            "interestExpense": "69000000",
            "nonInterestIncome": "3987000000",
            "otherNonOperatingIncome": "None",
            "depreciation": "None",
            "depreciationAndAmortization": "18000000",
            "incomeBeforeTax": "535000000",
            "incomeTaxExpense": "103000000",
            "interestAndDebtExpense": "69000000",
            "netIncomeFromContinuingOperations": "427000000",
            "comprehensiveIncomeNetOfTax": "266000000",
            "ebit": "604000000",
            "ebitda": "622000000",
            "netIncome": "432000000"
        },
        {
            "fiscalDateEnding": "2018-06-30",
            "reportedCurrency": "USD",
            "grossProfit": "-1049000000",
            "totalRevenue": "4789000000",
            "costOfRevenue": "5838000000",
            "costofGoodsAndServicesSold": "3082000000",
            "operatingIncome": "-2116000000",
            "sellingGeneralAndAdministrative": "1056000000",
            "researchAndDevelopment": "None",
            "operatingExpenses": "1067000000",
            "investmentIncomeNet": "None",
            "netInterestIncome": "-79000000",
            "interestIncome": "None",
            "interestExpense": "79000000",
            "nonInterestIncome": "4279000000",
            "otherNonOperatingIncome": "None",
            "depreciation": "None",
            "depreciationAndAmortization": "18000000",
            "incomeBeforeTax": "685000000",
            "incomeTaxExpense": "103000000",
            "interestAndDebtExpense": "85000000",
            "netIncomeFromContinuingOperations": "434000000",
            "comprehensiveIncomeNetOfTax": "-532000000",
            "ebit": "764000000",
            "ebitda": "782000000",
            "netIncome": "582000000"
        },
        {
            "fiscalDateEnding": "2018-03-31",
            "reportedCurrency": "USD",
            "grossProfit": "-1059000000",
            "totalRevenue": "4691000000",
            "costOfRevenue": "5750000000",
            "costofGoodsAndServicesSold": "3037000000",
            "operatingIncome": "-2096000000",
            "sellingGeneralAndAdministrative": "1025000000",
            "researchAndDevelopment": "None",
            "operatingExpenses": "1037000000",
            "investmentIncomeNet": "None",
            "netInterestIncome": "-80000000",
            "interestIncome": "None",
            "interestExpense": "80000000",
            "nonInterestIncome": "4251000000",
            "otherNonOperatingIncome": "None",
            "depreciation": "None",
            "depreciationAndAmortization": "18000000",
            "incomeBeforeTax": "688000000",
            "incomeTaxExpense": "91000000",
            "interestAndDebtExpense": "80000000",
            "netIncomeFromContinuingOperations": "428000000",
            "comprehensiveIncomeNetOfTax": "-300000000",
            "ebit": "768000000",
            "ebitda": "786000000",
            "netIncome": "597000000"
        }
    ]
}