{
    "symbol": "KEY",
    "annualReports": [
        {
            "fiscalDateEnding": "2022-12-31",
            "reportedCurrency": "USD",
            "grossProfit": "2360000000",
            "totalRevenue": "7272000000",
            "costOfRevenue": "4912000000",
            "costofGoodsAndServicesSold": "None",
            "operatingIncome": "897000000",
            "sellingGeneralAndAdministrative": "1165000000",
            "researchAndDevelopment": "None",
            "operatingExpenses": "1456000000",
            "investmentIncomeNet": "None",
            "netInterestIncome": "4527000000",
            "interestIncome": "5412000000",
            "interestExpense": "885000000",
            "nonInterestIncome": "2718000000",
            "otherNonOperatingIncome": "None",
            "depreciation": "None",
            "depreciationAndAmortization": "271000000",
            "incomeBeforeTax": "2339000000",
            "incomeTaxExpense": "422000000",
            "interestAndDebtExpense": "885000000",
            "netIncomeFromContinuingOperations": "1911000000",
            "comprehensiveIncomeNetOfTax": "-3792000000",
            "ebit": "3224000000",
            "ebitda": "3495000000",
            "netIncome": "1917000000"
        },
        {
            "fiscalDateEnding": "2021-12-31",
            "reportedCurrency": "USD",
            "grossProfit": "3281000000",
            "totalRevenue": "7292000000",
            "costOfRevenue": "4011000000",
            "costofGoodsAndServicesSold": "None",
            "operatingIncome": "1792000000",
            "sellingGeneralAndAdministrative": "1167000000",
            "researchAndDevelopment": "None",
            "operatingExpenses": "1507000000",
            "investmentIncomeNet": "None",
            "netInterestIncome": "4071000000",
            "interestIncome": "4367000000",
            "interestExpense": "296000000",
            "nonInterestIncome": "3194000000",
            "otherNonOperatingIncome": "None",
            "depreciation": "None",
            "depreciationAndAmortization": "298000000",
            "incomeBeforeTax": "3267000000",
            "incomeTaxExpense": "642000000",
            "interestAndDebtExpense": "296000000",
            "netIncomeFromContinuingOperations": "2612000000",
            "comprehensiveIncomeNetOfTax": "1301000000",
            "ebit": "3563000000",
            "ebitda": "3861000000",
            "netIncome": "2625000000"
        },
        {
            "fiscalDateEnding": "2020-12-31",
            "reportedCurrency": "USD",
            "grossProfit": "1585000000",
            "totalRevenue": "6715000000",
            "costOfRevenue": "5130000000",
            "costofGoodsAndServicesSold": "None",
            "operatingIncome": "134000000",
            "sellingGeneralAndAdministrative": "1062000000",
            "researchAndDevelopment": "None",
            "operatingExpenses": "1456000000",
            "investmentIncomeNet": "None",
            "netInterestIncome": "4034000000",
            "interestIncome": "4685000000",
            "interestExpense": "651000000",
            "nonInterestIncome": "2652000000",
            "otherNonOperatingIncome": "None",
            "depreciation": "None",
            "depreciationAndAmortization": "303000000",
            "incomeBeforeTax": "1570000000",
            "incomeTaxExpense": "227000000",
            "interestAndDebtExpense": "651000000",
            "netIncomeFromContinuingOperations": "1329000000",
            "comprehensiveIncomeNetOfTax": "2055000000",
            "ebit": "2221000000",
            "ebitda": "2524000000",
            "netIncome": "1343000000"
        },
        {
            "fiscalDateEnding": "2019-12-31",
            "reportedCurrency": "USD",
            "grossProfit": "2054000000",
            "totalRevenue": "6400000000",
            "costOfRevenue": "4346000000",
            "costofGoodsAndServicesSold": "None",
            "operatingIncome": "759000000",
            "sellingGeneralAndAdministrative": "885000000",
            "researchAndDevelopment": "None",
            "operatingExpenses": "1293000000",
            "investmentIncomeNet": "None",
            "netInterestIncome": "3909000000",
            "interestIncome": "5235000000",
            "interestExpense": "1326000000",
            "nonInterestIncome": "2459000000",
            "otherNonOperatingIncome": "None",
            "depreciation": "None",
            "depreciationAndAmortization": "313000000",
            "incomeBeforeTax": "2031000000",
            "incomeTaxExpense": "314000000",
            "interestAndDebtExpense": "1326000000",
            "netIncomeFromContinuingOperations": "1708000000",
            "comprehensiveIncomeNetOfTax": "2561000000",
            "ebit": "3357000000",
            "ebitda": "3670000000",
            "netIncome": "1717000000"
        },
        {
            "fiscalDateEnding": "2018-12-31",
            "reportedCurrency": "USD",
            "grossProfit": "2234000000",
            "totalRevenue": "6455000000",
            "costOfRevenue": "4221000000",
            "costofGoodsAndServicesSold": "1215000000",
            "operatingIncome": "725000000",
            "sellingGeneralAndAdministrative": "1023000000",
            "researchAndDevelopment": "None",
            "operatingExpenses": "1435000000",
            "investmentIncomeNet": "None",
            "netInterestIncome": "3909000000",
            "interestIncome": "4878000000",
            "interestExpense": "969000000",
            "nonInterestIncome": "2515000000",
            "otherNonOperatingIncome": "None",
            "depreciation": "None",
            "depreciationAndAmortization": "400000000",
            "incomeBeforeTax": "2210000000",
            "incomeTaxExpense": "344000000",
            "interestAndDebtExpense": "969000000",
            "netIncomeFromContinuingOperations": "1859000000",
            "comprehensiveIncomeNetOfTax": "1827000000",
            "ebit": "3179000000",
            "ebitda": "3579000000",
            "netIncome": "1866000000"
        }
    ],
    "quarterlyReports": [
        {
            "fiscalDateEnding": "2022-12-31",
            "reportedCurrency": "USD",
            "grossProfit": "477000000",
            "totalRevenue": "1898000000",
            "costOfRevenue": "1421000000",
            "costofGoodsAndServicesSold": "None",
            "operatingIncome": "21000000",
            "sellingGeneralAndAdministrative": "387000000",
            "researchAndDevelopment": "None",
            "operatingExpenses": "454000000",
            "investmentIncomeNet": "None",
            "netInterestIncome": "1220000000",
            "interestIncome": "1695000000",
            "interestExpense": "475000000",
            "nonInterestIncome": "671000000",
            "otherNonOperatingIncome": "None",
            "depreciation": "None",
            "depreciationAndAmortization": "64000000",
            "incomeBeforeTax": "470000000",
            "incomeTaxExpense": "76000000",
            "interestAndDebtExpense": "475000000",
            "netIncomeFromContinuingOperations": "394000000",
            "comprehensiveIncomeNetOfTax": "356000000",
            "ebit": "945000000",
            "ebitda": "1009000000",
            "netIncome": "394000000"
        },
        {
            "fiscalDateEnding": "2022-09-30",
            "reportedCurrency": "USD",
            "grossProfit": "671000000",
            "totalRevenue": "1886000000",
            "costOfRevenue": "1215000000",
            "costofGoodsAndServicesSold": "None",
            "operatingIncome": "353000000",
            "sellingGeneralAndAdministrative": "250000000",
            "researchAndDevelopment": "None",
            "operatingExpenses": "318000000",
            "investmentIncomeNet": "None",
            "netInterestIncome": "1196000000",
            "interestIncome": "1444000000",
            "interestExpense": "248000000",
            "nonInterestIncome": "683000000",
            "otherNonOperatingIncome": "None",
            "depreciation": "None",
            "depreciationAndAmortization": "68000000",
            "incomeBeforeTax": "666000000",
            "incomeTaxExpense": "124000000",
            "interestAndDebtExpense": "248000000",
            "netIncomeFromContinuingOperations": "540000000",
            "comprehensiveIncomeNetOfTax": "-1549000000",
            "ebit": "914000000",
            "ebitda": "982000000",
            "netIncome": "542000000"
        },
        {
            "fiscalDateEnding": "2022-06-30",
            "reportedCurrency": "USD",
            "grossProfit": "669000000",
            "totalRevenue": "1792000000",
            "costOfRevenue": "1123000000",
            "costofGoodsAndServicesSold": "None",
            "operatingIncome": "331000000",
            "sellingGeneralAndAdministrative": "269000000",
            "researchAndDevelopment": "None",
            "operatingExpenses": "338000000",
            "investmentIncomeNet": "None",
            "netInterestIncome": "1097000000",
            "interestIncome": "1193000000",
            "interestExpense": "96000000",
            "nonInterestIncome": "688000000",
            "otherNonOperatingIncome": "None",
            "depreciation": "None",
            "depreciationAndAmortization": "69000000",
            "incomeBeforeTax": "665000000",
            "incomeTaxExpense": "132000000",
            "interestAndDebtExpense": "96000000",
            "netIncomeFromContinuingOperations": "530000000",
            "comprehensiveIncomeNetOfTax": "-704000000",
            "ebit": "761000000",
            "ebitda": "830000000",
            "netIncome": "533000000"
        },
        {
            "fiscalDateEnding": "2022-03-31",
            "reportedCurrency": "USD",
            "grossProfit": "543000000",
            "totalRevenue": "1696000000",
            "costOfRevenue": "1153000000",
            "costofGoodsAndServicesSold": "None",
            "operatingIncome": "209000000",
            "sellingGeneralAndAdministrative": "259000000",
            "researchAndDevelopment": "None",
            "operatingExpenses": "328000000",
            "investmentIncomeNet": "None",
            "netInterestIncome": "1014000000",
            "interestIncome": "1080000000",
            "interestExpense": "66000000",
            "nonInterestIncome": "676000000",
            "otherNonOperatingIncome": "None",
            "depreciation": "None",
            "depreciationAndAmortization": "70000000",
            "incomeBeforeTax": "538000000",
            "incomeTaxExpense": "90000000",
            "interestAndDebtExpense": "66000000",
            "netIncomeFromContinuingOperations": "447000000",
            "comprehensiveIncomeNetOfTax": "-1895000000",
            "ebit": "604000000",
            "ebitda": "674000000",
            "netIncome": "448000000"
        },
        {
            "fiscalDateEnding": "2021-12-31",
            "reportedCurrency": "USD",
            "grossProfit": "773000000",
            "totalRevenue": "1947000000",
            "costOfRevenue": "1174000000",
            "costofGoodsAndServicesSold": "None",
            "operatingIncome": "347000000",
            "sellingGeneralAndAdministrative": "390000000",
            "researchAndDevelopment": "None",
            "operatingExpenses": "431000000",
            "investmentIncomeNet": "None",
            "netInterestIncome": "1033000000",
            "interestIncome": "1103000000",
            "interestExpense": "70000000",
            "nonInterestIncome": "909000000",
            "otherNonOperatingIncome": "None",
            "depreciation": "None",
            "depreciationAndAmortization": "72000000",
            "incomeBeforeTax": "770000000",
            "incomeTaxExpense": "141000000",
            "interestAndDebtExpense": "70000000",
            "netIncomeFromContinuingOperations": "627000000",
            "comprehensiveIncomeNetOfTax": "88000000",
            "ebit": "840000000",
            "ebitda": "912000000",
            "netIncome": "629000000"
        },
        {
            "fiscalDateEnding": "2021-09-30",
            "reportedCurrency": "USD",
            "grossProfit": "817000000",
            "totalRevenue": "1822000000",
            "costOfRevenue": "1005000000",
            "costofGoodsAndServicesSold": "None",
            "operatingIncome": "471000000",
            "sellingGeneralAndAdministrative": "259000000",
            "researchAndDevelopment": "None",
            "operatingExpenses": "346000000",
            "investmentIncomeNet": "None",
            "netInterestIncome": "1016000000",
            "interestIncome": "1087000000",
            "interestExpense": "71000000",
            "nonInterestIncome": "797000000",
            "otherNonOperatingIncome": "None",
            "depreciation": "None",
            "depreciationAndAmortization": "75000000",
            "incomeBeforeTax": "810000000",
            "incomeTaxExpense": "165000000",
            "interestAndDebtExpense": "71000000",
            "netIncomeFromContinuingOperations": "643000000",
            "comprehensiveIncomeNetOfTax": "450000000",
            "ebit": "881000000",
            "ebitda": "956000000",
            "netIncome": "645000000"
        },
        {
            "fiscalDateEnding": "2021-06-30",
            "reportedCurrency": "USD",
            "grossProfit": "919000000",
            "totalRevenue": "1773000000",
            "costOfRevenue": "854000000",
            "costofGoodsAndServicesSold": "None",
            "operatingIncome": "570000000",
            "sellingGeneralAndAdministrative": "259000000",
            "researchAndDevelopment": "None",
            "operatingExpenses": "349000000",
            "investmentIncomeNet": "None",
            "netInterestIncome": "1017000000",
            "interestIncome": "1090000000",
            "interestExpense": "73000000",
            "nonInterestIncome": "750000000",
            "otherNonOperatingIncome": "None",
            "depreciation": "None",
            "depreciationAndAmortization": "76000000",
            "incomeBeforeTax": "918000000",
            "incomeTaxExpense": "189000000",
            "interestAndDebtExpense": "73000000",
            "netIncomeFromContinuingOperations": "724000000",
            "comprehensiveIncomeNetOfTax": "776000000",
            "ebit": "991000000",
            "ebitda": "1067000000",
            "netIncome": "729000000"
        },
        {
            "fiscalDateEnding": "2021-03-31",
            "reportedCurrency": "USD",
            "grossProfit": "772000000",
            "totalRevenue": "1750000000",
            "costOfRevenue": "978000000",
            "costofGoodsAndServicesSold": "None",
            "operatingIncome": "417000000",
            "sellingGeneralAndAdministrative": "259000000",
            "researchAndDevelopment": "None",
            "operatingExpenses": "355000000",
            "investmentIncomeNet": "None",
            "netInterestIncome": "1005000000",
            "interestIncome": "1087000000",
            "interestExpense": "82000000",
            "nonInterestIncome": "738000000",
            "otherNonOperatingIncome": "None",
            "depreciation": "None",
            "depreciationAndAmortization": "75000000",
            "incomeBeforeTax": "769000000",
            "incomeTaxExpense": "147000000",
            "interestAndDebtExpense": "82000000",
            "netIncomeFromContinuingOperations": "618000000",
            "comprehensiveIncomeNetOfTax": "-13000000",
            "ebit": "851000000",
            "ebitda": "926000000",
            "netIncome": "622000000"
        },
        {
            "fiscalDateEnding": "2020-12-31",
            "reportedCurrency": "USD",
            "grossProfit": "697000000",
            "totalRevenue": "1845000000",
            "costOfRevenue": "1148000000",
            "costofGoodsAndServicesSold": "None",
            "operatingIncome": "246000000",
            "sellingGeneralAndAdministrative": "357000000",
            "researchAndDevelopment": "None",
            "operatingExpenses": "453000000",
            "investmentIncomeNet": "None",
            "netInterestIncome": "1035000000",
            "interestIncome": "1125000000",
            "interestExpense": "90000000",
            "nonInterestIncome": "802000000",
            "otherNonOperatingIncome": "None",
            "depreciation": "None",
            "depreciationAndAmortization": "31000000",
            "incomeBeforeTax": "696000000",
            "incomeTaxExpense": "114000000",
            "interestAndDebtExpense": "90000000",
            "netIncomeFromContinuingOperations": "575000000",
            "comprehensiveIncomeNetOfTax": "453000000",
            "ebit": "786000000",
            "ebitda": "817000000",
            "netIncome": "582000000"
        },
        {
            "fiscalDateEnding": "2020-09-30",
            "reportedCurrency": "USD",
            "grossProfit": "490000000",
            "totalRevenue": "1687000000",
            "costOfRevenue": "1197000000",
            "costofGoodsAndServicesSold": "None",
            "operatingIncome": "162000000",
            "sellingGeneralAndAdministrative": "239000000",
            "researchAndDevelopment": "None",
            "operatingExpenses": "328000000",
            "investmentIncomeNet": "None",
            "netInterestIncome": "1000000000",
            "interestIncome": "1119000000",
            "interestExpense": "119000000",
            "nonInterestIncome": "681000000",
            "otherNonOperatingIncome": "None",
            "depreciation": "None",
            "depreciationAndAmortization": "89000000",
            "incomeBeforeTax": "488000000",
            "incomeTaxExpense": "60000000",
            "interestAndDebtExpense": "119000000",
            "netIncomeFromContinuingOperations": "424000000",
            "comprehensiveIncomeNetOfTax": "359000000",
            "ebit": "607000000",
            "ebitda": "696000000",
            "netIncome": "428000000"
        },
        {
            "fiscalDateEnding": "2020-06-30",
            "reportedCurrency": "USD",
            "grossProfit": "222000000",
            "totalRevenue": "1717000000",
            "costOfRevenue": "1495000000",
            "costofGoodsAndServicesSold": "None",
            "operatingIncome": "-103000000",
            "sellingGeneralAndAdministrative": "234000000",
            "researchAndDevelopment": "None",
            "operatingExpenses": "325000000",
            "investmentIncomeNet": "None",
            "netInterestIncome": "1018000000",
            "interestIncome": "1190000000",
            "interestExpense": "172000000",
            "nonInterestIncome": "692000000",
            "otherNonOperatingIncome": "None",
            "depreciation": "None",
            "depreciationAndAmortization": "91000000",
            "incomeBeforeTax": "217000000",
            "incomeTaxExpense": "30000000",
            "interestAndDebtExpense": "172000000",
            "netIncomeFromContinuingOperations": "185000000",
            "comprehensiveIncomeNetOfTax": "309000000",
            "ebit": "389000000",
            "ebitda": "480000000",
            "netIncome": "187000000"
        },
        {
            "fiscalDateEnding": "2020-03-31",
            "reportedCurrency": "USD",
            "grossProfit": "176000000",
            "totalRevenue": "1466000000",
            "costOfRevenue": "1290000000",
            "costofGoodsAndServicesSold": "None",
            "operatingIncome": "-122000000",
            "sellingGeneralAndAdministrative": "196000000",
            "researchAndDevelopment": "None",
            "operatingExpenses": "300000000",
            "investmentIncomeNet": "None",
            "netInterestIncome": "981000000",
            "interestIncome": "1251000000",
            "interestExpense": "270000000",
            "nonInterestIncome": "477000000",
            "otherNonOperatingIncome": "None",
            "depreciation": "None",
            "depreciationAndAmortization": "92000000",
            "incomeBeforeTax": "169000000",
            "incomeTaxExpense": "23000000",
            "interestAndDebtExpense": "270000000",
            "netIncomeFromContinuingOperations": "145000000",
            "comprehensiveIncomeNetOfTax": "934000000",
            "ebit": "439000000",
            "ebitda": "531000000",
            "netIncome": "146000000"
        },
        {
            "fiscalDateEnding": "2019-12-31",
            "reportedCurrency": "USD",
            "grossProfit": "549000000",
            "totalRevenue": "1638000000",
            "costOfRevenue": "1089000000",
            "costofGoodsAndServicesSold": "None",
            "operatingIncome": "143000000",
            "sellingGeneralAndAdministrative": "304000000",
            "researchAndDevelopment": "None",
            "operatingExpenses": "405000000",
            "investmentIncomeNet": "None",
            "netInterestIncome": "979000000",
            "interestIncome": "1285000000",
            "interestExpense": "306000000",
            "nonInterestIncome": "651000000",
            "otherNonOperatingIncome": "None",
            "depreciation": "None",
            "depreciationAndAmortization": "30000000",
            "incomeBeforeTax": "544000000",
            "incomeTaxExpense": "75000000",
            "interestAndDebtExpense": "306000000",
            "netIncomeFromContinuingOperations": "466000000",
            "comprehensiveIncomeNetOfTax": "336000000",
            "ebit": "850000000",
            "ebitda": "880000000",
            "netIncome": "469000000"
        },
        {
            "fiscalDateEnding": "2019-09-30",
            "reportedCurrency": "USD",
            "grossProfit": "491000000",
            "totalRevenue": "1630000000",
            "costOfRevenue": "1139000000",
            "costofGoodsAndServicesSold": "None",
            "operatingIncome": "213000000",
            "sellingGeneralAndAdministrative": "194000000",
            "researchAndDevelopment": "None",
            "operatingExpenses": "278000000",
            "investmentIncomeNet": "None",
            "netInterestIncome": "972000000",
            "interestIncome": "1317000000",
            "interestExpense": "345000000",
            "nonInterestIncome": "650000000",
            "otherNonOperatingIncome": "None",
            "depreciation": "None",
            "depreciationAndAmortization": "98000000",
            "incomeBeforeTax": "486000000",
            "incomeTaxExpense": "70000000",
            "interestAndDebtExpense": "345000000",
            "netIncomeFromContinuingOperations": "413000000",
            "comprehensiveIncomeNetOfTax": "577000000",
            "ebit": "831000000",
            "ebitda": "929000000",
            "netIncome": "416000000"
        },
        {
            "fiscalDateEnding": "2019-06-30",
            "reportedCurrency": "USD",
            "grossProfit": "518000000",
            "totalRevenue": "1611000000",
            "costOfRevenue": "1093000000",
            "costofGoodsAndServicesSold": "None",
            "operatingIncome": "223000000",
            "sellingGeneralAndAdministrative": "198000000",
            "researchAndDevelopment": "None",
            "operatingExpenses": "295000000",
            "investmentIncomeNet": "None",
            "netInterestIncome": "981000000",
            "interestIncome": "1329000000",
            "interestExpense": "348000000",
            "nonInterestIncome": "622000000",
            "otherNonOperatingIncome": "None",
            "depreciation": "None",
            "depreciationAndAmortization": "97000000",
            "incomeBeforeTax": "512000000",
            "incomeTaxExpense": "87000000",
            "interestAndDebtExpense": "348000000",
            "netIncomeFromContinuingOperations": "423000000",
            "comprehensiveIncomeNetOfTax": "953000000",
            "ebit": "860000000",
            "ebitda": "957000000",
            "netIncome": "425000000"
        },
        {
            "fiscalDateEnding": "2019-03-31",
            "reportedCurrency": "USD",
            "grossProfit": "496000000",
            "totalRevenue": "1521000000",
            "costOfRevenue": "1025000000",
            "costofGoodsAndServicesSold": "None",
            "operatingIncome": "176000000",
            "sellingGeneralAndAdministrative": "215000000",
            "researchAndDevelopment": "None",
            "operatingExpenses": "319000000",
            "investmentIncomeNet": "None",
            "netInterestIncome": "977000000",
            "interestIncome": "1304000000",
            "interestExpense": "327000000",
            "nonInterestIncome": "536000000",
            "otherNonOperatingIncome": "None",
            "depreciation": "None",
            "depreciationAndAmortization": "88000000",
            "incomeBeforeTax": "489000000",
            "incomeTaxExpense": "82000000",
            "interestAndDebtExpense": "327000000",
            "netIncomeFromContinuingOperations": "406000000",
            "comprehensiveIncomeNetOfTax": "695000000",
            "ebit": "816000000",
            "ebitda": "904000000",
            "netIncome": "407000000"
        },
        {
            "fiscalDateEnding": "2018-12-31",
            "reportedCurrency": "USD",
            "grossProfit": "582000000",
            "totalRevenue": "1653000000",
            "costOfRevenue": "1071000000",
            "costofGoodsAndServicesSold": "356000000",
            "operatingIncome": "130000000",
            "sellingGeneralAndAdministrative": "335000000",
            "researchAndDevelopment": "None",
            "operatingExpenses": "453000000",
            "investmentIncomeNet": "None",
            "netInterestIncome": "1000000000",
            "interestIncome": "1297000000",
            "interestExpense": "297000000",
            "nonInterestIncome": "645000000",
            "otherNonOperatingIncome": "None",
            "depreciation": "None",
            "depreciationAndAmortization": "100000000",
            "incomeBeforeTax": "576000000",
            "incomeTaxExpense": "92000000",
            "interestAndDebtExpense": "297000000",
            "netIncomeFromContinuingOperations": "482000000",
            "comprehensiveIncomeNetOfTax": "832000000",
            "ebit": "873000000",
            "ebitda": "973000000",
            "netIncome": "484000000"
        },
        {
            "fiscalDateEnding": "2018-09-30",
            "reportedCurrency": "USD",
            "grossProfit": "576000000",
            "totalRevenue": "1602000000",
            "costOfRevenue": "1026000000",
            "costofGoodsAndServicesSold": "315000000",
            "operatingIncome": "250000000",
            "sellingGeneralAndAdministrative": "228000000",
            "researchAndDevelopment": "None",
            "operatingExpenses": "326000000",
            "investmentIncomeNet": "None",
            "netInterestIncome": "986000000",
            "interestIncome": "1239000000",
            "interestExpense": "253000000",
            "nonInterestIncome": "609000000",
            "otherNonOperatingIncome": "None",
            "depreciation": "None",
            "depreciationAndAmortization": "98000000",
            "incomeBeforeTax": "569000000",
            "incomeTaxExpense": "87000000",
            "interestAndDebtExpense": "253000000",
            "netIncomeFromContinuingOperations": "482000000",
            "comprehensiveIncomeNetOfTax": "401000000",
            "ebit": "822000000",
            "ebitda": "920000000",
            "netIncome": "482000000"
        },
        {
            "fiscalDateEnding": "2018-06-30",
            "reportedCurrency": "USD",
            "grossProfit": "590000000",
            "totalRevenue": "1647000000",
            "costOfRevenue": "1057000000",
            "costofGoodsAndServicesSold": "290000000",
            "operatingIncome": "254000000",
            "sellingGeneralAndAdministrative": "237000000",
            "researchAndDevelopment": "None",
            "operatingExpenses": "336000000",
            "investmentIncomeNet": "None",
            "netInterestIncome": "979000000",
            "interestIncome": "1205000000",
            "interestExpense": "226000000",
            "nonInterestIncome": "660000000",
            "otherNonOperatingIncome": "None",
            "depreciation": "None",
            "depreciationAndAmortization": "99000000",
            "incomeBeforeTax": "585000000",
            "incomeTaxExpense": "103000000",
            "interestAndDebtExpense": "226000000",
            "netIncomeFromContinuingOperations": "479000000",
            "comprehensiveIncomeNetOfTax": "388000000",
            "ebit": "811000000",
            "ebitda": "910000000",
            "netIncome": "482000000"
        },
        {
            "fiscalDateEnding": "2018-03-31",
            "reportedCurrency": "USD",
            "grossProfit": "486000000",
            "totalRevenue": "1553000000",
            "costOfRevenue": "1067000000",
            "costofGoodsAndServicesSold": "254000000",
            "operatingIncome": "-461000000",
            "sellingGeneralAndAdministrative": "817000000",
            "researchAndDevelopment": "None",
            "operatingExpenses": "947000000",
            "investmentIncomeNet": "None",
            "netInterestIncome": "944000000",
            "interestIncome": "1137000000",
            "interestExpense": "193000000",
            "nonInterestIncome": "601000000",
            "otherNonOperatingIncome": "None",
            "depreciation": "None",
            "depreciationAndAmortization": "103000000",
            "incomeBeforeTax": "480000000",
            "incomeTaxExpense": "62000000",
            "interestAndDebtExpense": "193000000",
            "netIncomeFromContinuingOperations": "416000000",
            "comprehensiveIncomeNetOfTax": "206000000",
            "ebit": "673000000",
            "ebitda": "776000000",
            "netIncome": "418000000"
        }
    ]
}