{
    "symbol": "NWS",
    "annualReports": [
        {
            "fiscalDateEnding": "2022-06-30",
            "reportedCurrency": "USD",
            "grossProfit": "5996000000",
            "totalRevenue": "10385000000",
            "costOfRevenue": "4389000000",
            "costofGoodsAndServicesSold": "5124000000",
            "operatingIncome": "-2720000000",
            "sellingGeneralAndAdministrative": "3592000000",
            "researchAndDevelopment": "None",
            "operatingExpenses": "8716000000",
            "investmentIncomeNet": "None",
            "netInterestIncome": "-99000000",
            "interestIncome": "None",
            "interestExpense": "99000000",
            "nonInterestIncome": "10385000000",
            "otherNonOperatingIncome": "52000000",
            "depreciation": "548000000",
            "depreciationAndAmortization": "688000000",
            "incomeBeforeTax": "675000000",
            "incomeTaxExpense": "52000000",
            "interestAndDebtExpense": "None",
            "netIncomeFromContinuingOperations": "760000000",
            "comprehensiveIncomeNetOfTax": "294000000",
            "ebit": "-2720000000",
            "ebitda": "-2032000000",
            "netIncome": "623000000"
        },
        {
            "fiscalDateEnding": "2021-06-30",
            "reportedCurrency": "USD",
            "grossProfit": "5256000000",
            "totalRevenue": "9358000000",
            "costOfRevenue": "4102000000",
            "costofGoodsAndServicesSold": "4831000000",
            "operatingIncome": "-2829000000",
            "sellingGeneralAndAdministrative": "3254000000",
            "researchAndDevelopment": "None",
            "operatingExpenses": "8085000000",
            "investmentIncomeNet": "None",
            "netInterestIncome": "-53000000",
            "interestIncome": "None",
            "interestExpense": "53000000",
            "nonInterestIncome": "9358000000",
            "otherNonOperatingIncome": "143000000",
            "depreciation": "568000000",
            "depreciationAndAmortization": "680000000",
            "incomeBeforeTax": "391000000",
            "incomeTaxExpense": "61000000",
            "interestAndDebtExpense": "None",
            "netIncomeFromContinuingOperations": "389000000",
            "comprehensiveIncomeNetOfTax": "720000000",
            "ebit": "-2829000000",
            "ebitda": "-2149000000",
            "netIncome": "330000000"
        },
        {
            "fiscalDateEnding": "2020-06-30",
            "reportedCurrency": "USD",
            "grossProfit": "3539000000",
            "totalRevenue": "9008000000",
            "costOfRevenue": "5469000000",
            "costofGoodsAndServicesSold": "5000000000",
            "operatingIncome": "-4456000000",
            "sellingGeneralAndAdministrative": "2995000000",
            "researchAndDevelopment": "None",
            "operatingExpenses": "7995000000",
            "investmentIncomeNet": "None",
            "netInterestIncome": "-25000000",
            "interestIncome": "None",
            "interestExpense": "25000000",
            "nonInterestIncome": "9008000000",
            "otherNonOperatingIncome": "9000000",
            "depreciation": "537000000",
            "depreciationAndAmortization": "644000000",
            "incomeBeforeTax": "-1248000000",
            "incomeTaxExpense": "21000000",
            "interestAndDebtExpense": "None",
            "netIncomeFromContinuingOperations": "-1545000000",
            "comprehensiveIncomeNetOfTax": "-1477000000",
            "ebit": "-4456000000",
            "ebitda": "-3812000000",
            "netIncome": "-1269000000"
        },
        {
            "fiscalDateEnding": "2019-06-30",
            "reportedCurrency": "USD",
            "grossProfit": "6019000000",
            "totalRevenue": "10074000000",
            "costOfRevenue": "4055000000",
            "costofGoodsAndServicesSold": "5622000000",
            "operatingIncome": "-2811000000",
            "sellingGeneralAndAdministrative": "3191000000",
            "researchAndDevelopment": "None",
            "operatingExpenses": "8830000000",
            "investmentIncomeNet": "None",
            "netInterestIncome": "-59000000",
            "interestIncome": "None",
            "interestExpense": "59000000",
            "nonInterestIncome": "10074000000",
            "otherNonOperatingIncome": "33000000",
            "depreciation": "533000000",
            "depreciationAndAmortization": "659000000",
            "incomeBeforeTax": "281000000",
            "incomeTaxExpense": "126000000",
            "interestAndDebtExpense": "None",
            "netIncomeFromContinuingOperations": "228000000",
            "comprehensiveIncomeNetOfTax": "-75000000",
            "ebit": "-2811000000",
            "ebitda": "-2152000000",
            "netIncome": "155000000"
        },
        {
            "fiscalDateEnding": "2018-06-30",
            "reportedCurrency": "USD",
            "grossProfit": "5152000000",
            "totalRevenue": "9024000000",
            "costOfRevenue": "3872000000",
            "costofGoodsAndServicesSold": "4903000000",
            "operatingIncome": "-2800000000",
            "sellingGeneralAndAdministrative": "3049000000",
            "researchAndDevelopment": "None",
            "operatingExpenses": "7952000000",
            "investmentIncomeNet": "None",
            "netInterestIncome": "-7000000",
            "interestIncome": "None",
            "interestExpense": "7000000",
            "nonInterestIncome": "9024000000",
            "otherNonOperatingIncome": "-324000000",
            "depreciation": "372000000",
            "depreciationAndAmortization": "472000000",
            "incomeBeforeTax": "-1159000000",
            "incomeTaxExpense": "355000000",
            "interestAndDebtExpense": "None",
            "netIncomeFromContinuingOperations": "-1444000000",
            "comprehensiveIncomeNetOfTax": "-1424000000",
            "ebit": "-2800000000",
            "ebitda": "-2328000000",
            "netIncome": "-1514000000"
        }
    ],
    "quarterlyReports": [
        {
            "fiscalDateEnding": "2022-12-31",
            "reportedCurrency": "USD",
            "grossProfit": "1510000000",
            "totalRevenue": "2521000000",
            "costOfRevenue": "1011000000",
            "costofGoodsAndServicesSold": "1294000000",
            "operatingIncome": "-602000000",
            "sellingGeneralAndAdministrative": "818000000",
            "researchAndDevelopment": "None",
            "operatingExpenses": "2112000000",
            "investmentIncomeNet": "None",
            "netInterestIncome": "-26000000",
            "interestIncome": "None",
            "interestExpense": "26000000",
            "nonInterestIncome": "2521000000",
            "otherNonOperatingIncome": "-6000000",
            "depreciation": "None",
            "depreciationAndAmortization": "174000000",
            "incomeBeforeTax": "128000000",
            "incomeTaxExpense": "61000000",
            "interestAndDebtExpense": "None",
            "netIncomeFromContinuingOperations": "94000000",
            "comprehensiveIncomeNetOfTax": "277000000",
            "ebit": "-602000000",
            "ebitda": "-428000000",
            "netIncome": "67000000"
        },
        {
            "fiscalDateEnding": "2022-09-30",
            "reportedCurrency": "USD",
            "grossProfit": "1423000000",
            "totalRevenue": "2478000000",
            "costOfRevenue": "1055000000",
            "costofGoodsAndServicesSold": "1273000000",
            "operatingIncome": "-705000000",
            "sellingGeneralAndAdministrative": "855000000",
            "researchAndDevelopment": "None",
            "operatingExpenses": "2128000000",
            "investmentIncomeNet": "None",
            "netInterestIncome": "-27000000",
            "interestIncome": "None",
            "interestExpense": "27000000",
            "nonInterestIncome": "2478000000",
            "otherNonOperatingIncome": "-18000000",
            "depreciation": "None",
            "depreciationAndAmortization": "179000000",
            "incomeBeforeTax": "75000000",
            "incomeTaxExpense": "35000000",
            "interestAndDebtExpense": "None",
            "netIncomeFromContinuingOperations": "66000000",
            "comprehensiveIncomeNetOfTax": "-155000000",
            "ebit": "-705000000",
            "ebitda": "-526000000",
            "netIncome": "40000000"
        },
        {
            "fiscalDateEnding": "2022-06-30",
            "reportedCurrency": "USD",
            "grossProfit": "1460000000",
            "totalRevenue": "2674000000",
            "costOfRevenue": "1214000000",
            "costofGoodsAndServicesSold": "1355000000",
            "operatingIncome": "-899000000",
            "sellingGeneralAndAdministrative": "1004000000",
            "researchAndDevelopment": "None",
            "operatingExpenses": "2359000000",
            "investmentIncomeNet": "None",
            "netInterestIncome": "-31000000",
            "interestIncome": "None",
            "interestExpense": "31000000",
            "nonInterestIncome": "2674000000",
            "otherNonOperatingIncome": "-91000000",
            "depreciation": "None",
            "depreciationAndAmortization": "183000000",
            "incomeBeforeTax": "-37000000",
            "incomeTaxExpense": "-147000000",
            "interestAndDebtExpense": "None",
            "netIncomeFromContinuingOperations": "127000000",
            "comprehensiveIncomeNetOfTax": "-159000000",
            "ebit": "-899000000",
            "ebitda": "-716000000",
            "netIncome": "110000000"
        },
        {
            "fiscalDateEnding": "2022-03-31",
            "reportedCurrency": "USD",
            "grossProfit": "1395000000",
            "totalRevenue": "2492000000",
            "costOfRevenue": "1097000000",
            "costofGoodsAndServicesSold": "1246000000",
            "operatingIncome": "-739000000",
            "sellingGeneralAndAdministrative": "888000000",
            "researchAndDevelopment": "None",
            "operatingExpenses": "2134000000",
            "investmentIncomeNet": "None",
            "netInterestIncome": "-25000000",
            "interestIncome": "None",
            "interestExpense": "25000000",
            "nonInterestIncome": "2492000000",
            "otherNonOperatingIncome": "13000000",
            "depreciation": "None",
            "depreciationAndAmortization": "172000000",
            "incomeBeforeTax": "111000000",
            "incomeTaxExpense": "29000000",
            "interestAndDebtExpense": "None",
            "netIncomeFromContinuingOperations": "104000000",
            "comprehensiveIncomeNetOfTax": "170000000",
            "ebit": "-739000000",
            "ebitda": "-567000000",
            "netIncome": "82000000"
        },
        {
            "fiscalDateEnding": "2021-12-31",
            "reportedCurrency": "USD",
            "grossProfit": "1674000000",
            "totalRevenue": "2717000000",
            "costOfRevenue": "1043000000",
            "costofGoodsAndServicesSold": "1279000000",
            "operatingIncome": "-457000000",
            "sellingGeneralAndAdministrative": "852000000",
            "researchAndDevelopment": "None",
            "operatingExpenses": "2131000000",
            "investmentIncomeNet": "None",
            "netInterestIncome": "-21000000",
            "interestIncome": "None",
            "interestExpense": "21000000",
            "nonInterestIncome": "2717000000",
            "otherNonOperatingIncome": "-7000000",
            "depreciation": "None",
            "depreciationAndAmortization": "168000000",
            "incomeBeforeTax": "334000000",
            "incomeTaxExpense": "99000000",
            "interestAndDebtExpense": "None",
            "netIncomeFromContinuingOperations": "262000000",
            "comprehensiveIncomeNetOfTax": "207000000",
            "ebit": "-457000000",
            "ebitda": "-289000000",
            "netIncome": "235000000"
        },
        {
            "fiscalDateEnding": "2021-09-30",
            "reportedCurrency": "USD",
            "grossProfit": "1467000000",
            "totalRevenue": "2502000000",
            "costOfRevenue": "1035000000",
            "costofGoodsAndServicesSold": "1244000000",
            "operatingIncome": "-625000000",
            "sellingGeneralAndAdministrative": "848000000",
            "researchAndDevelopment": "None",
            "operatingExpenses": "2092000000",
            "investmentIncomeNet": "None",
            "netInterestIncome": "-22000000",
            "interestIncome": "None",
            "interestExpense": "22000000",
            "nonInterestIncome": "2502000000",
            "otherNonOperatingIncome": "137000000",
            "depreciation": "None",
            "depreciationAndAmortization": "165000000",
            "incomeBeforeTax": "267000000",
            "incomeTaxExpense": "71000000",
            "interestAndDebtExpense": "None",
            "netIncomeFromContinuingOperations": "267000000",
            "comprehensiveIncomeNetOfTax": "76000000",
            "ebit": "-625000000",
            "ebitda": "-460000000",
            "netIncome": "196000000"
        },
        {
            "fiscalDateEnding": "2021-06-30",
            "reportedCurrency": "USD",
            "grossProfit": "1242000000",
            "totalRevenue": "2492000000",
            "costOfRevenue": "1250000000",
            "costofGoodsAndServicesSold": "1283000000",
            "operatingIncome": "-1040000000",
            "sellingGeneralAndAdministrative": "999000000",
            "researchAndDevelopment": "None",
            "operatingExpenses": "2282000000",
            "investmentIncomeNet": "None",
            "netInterestIncome": "-21000000",
            "interestIncome": "None",
            "interestExpense": "21000000",
            "nonInterestIncome": "2492000000",
            "otherNonOperatingIncome": "11000000",
            "depreciation": "None",
            "depreciationAndAmortization": "176000000",
            "incomeBeforeTax": "-106000000",
            "incomeTaxExpense": "-92000000",
            "interestAndDebtExpense": "None",
            "netIncomeFromContinuingOperations": "-15000000",
            "comprehensiveIncomeNetOfTax": "10000000",
            "ebit": "-1040000000",
            "ebitda": "-864000000",
            "netIncome": "-14000000"
        },
        {
            "fiscalDateEnding": "2021-03-31",
            "reportedCurrency": "USD",
            "grossProfit": "1281000000",
            "totalRevenue": "2335000000",
            "costOfRevenue": "1054000000",
            "costofGoodsAndServicesSold": "1186000000",
            "operatingIncome": "-756000000",
            "sellingGeneralAndAdministrative": "851000000",
            "researchAndDevelopment": "None",
            "operatingExpenses": "2037000000",
            "investmentIncomeNet": "None",
            "netInterestIncome": "-12000000",
            "interestIncome": "None",
            "interestExpense": "12000000",
            "nonInterestIncome": "2335000000",
            "otherNonOperatingIncome": "61000000",
            "depreciation": "None",
            "depreciationAndAmortization": "173000000",
            "incomeBeforeTax": "122000000",
            "incomeTaxExpense": "43000000",
            "interestAndDebtExpense": "None",
            "netIncomeFromContinuingOperations": "96000000",
            "comprehensiveIncomeNetOfTax": "104000000",
            "ebit": "-756000000",
            "ebitda": "-583000000",
            "netIncome": "79000000"
        },
        {
            "fiscalDateEnding": "2020-12-31",
            "reportedCurrency": "USD",
            "grossProfit": "1505000000",
            "totalRevenue": "2414000000",
            "costOfRevenue": "909000000",
            "costofGoodsAndServicesSold": "1198000000",
            "operatingIncome": "-412000000",
            "sellingGeneralAndAdministrative": "719000000",
            "researchAndDevelopment": "None",
            "operatingExpenses": "1917000000",
            "investmentIncomeNet": "None",
            "netInterestIncome": "-12000000",
            "interestIncome": "None",
            "interestExpense": "12000000",
            "nonInterestIncome": "2414000000",
            "otherNonOperatingIncome": "54000000",
            "depreciation": "None",
            "depreciationAndAmortization": "167000000",
            "incomeBeforeTax": "316000000",
            "incomeTaxExpense": "85000000",
            "interestAndDebtExpense": "None",
            "netIncomeFromContinuingOperations": "261000000",
            "comprehensiveIncomeNetOfTax": "476000000",
            "ebit": "-412000000",
            "ebitda": "-245000000",
            "netIncome": "231000000"
        },
        {
            "fiscalDateEnding": "2020-09-30",
            "reportedCurrency": "USD",
            "grossProfit": "1228000000",
            "totalRevenue": "2117000000",
            "costOfRevenue": "889000000",
            "costofGoodsAndServicesSold": "1164000000",
            "operatingIncome": "-621000000",
            "sellingGeneralAndAdministrative": "685000000",
            "researchAndDevelopment": "None",
            "operatingExpenses": "1849000000",
            "investmentIncomeNet": "None",
            "netInterestIncome": "-8000000",
            "interestIncome": "None",
            "interestExpense": "8000000",
            "nonInterestIncome": "2117000000",
            "otherNonOperatingIncome": "17000000",
            "depreciation": "None",
            "depreciationAndAmortization": "164000000",
            "incomeBeforeTax": "59000000",
            "incomeTaxExpense": "25000000",
            "interestAndDebtExpense": "None",
            "netIncomeFromContinuingOperations": "47000000",
            "comprehensiveIncomeNetOfTax": "130000000",
            "ebit": "-621000000",
            "ebitda": "-457000000",
            "netIncome": "34000000"
        },
        {
            "fiscalDateEnding": "2020-06-30",
            "reportedCurrency": "USD",
            "grossProfit": "1631000000",
            "totalRevenue": "1923000000",
            "costOfRevenue": "292000000",
            "costofGoodsAndServicesSold": "1032000000",
            "operatingIncome": "1339000000",
            "sellingGeneralAndAdministrative": "700000000",
            "researchAndDevelopment": "None",
            "operatingExpenses": "292000000",
            "investmentIncomeNet": "None",
            "netInterestIncome": "-12000000",
            "interestIncome": "None",
            "interestExpense": "12000000",
            "nonInterestIncome": "1923000000",
            "otherNonOperatingIncome": "-10000000",
            "depreciation": "None",
            "depreciationAndAmortization": "160000000",
            "incomeBeforeTax": "-397000000",
            "incomeTaxExpense": "0",
            "interestAndDebtExpense": "None",
            "netIncomeFromContinuingOperations": "1339000000",
            "comprehensiveIncomeNetOfTax": "-261000000",
            "ebit": "1339000000",
            "ebitda": "1499000000",
            "netIncome": "-397000000"
        },
        {
            "fiscalDateEnding": "2020-03-31",
            "reportedCurrency": "USD",
            "grossProfit": "238000000",
            "totalRevenue": "2266000000",
            "costOfRevenue": "2028000000",
            "costofGoodsAndServicesSold": "1281000000",
            "operatingIncome": "-1786000000",
            "sellingGeneralAndAdministrative": "741000000",
            "researchAndDevelopment": "None",
            "operatingExpenses": "2024000000",
            "investmentIncomeNet": "None",
            "netInterestIncome": "-9000000",
            "interestIncome": "None",
            "interestExpense": "9000000",
            "nonInterestIncome": "2266000000",
            "otherNonOperatingIncome": "13000000",
            "depreciation": "None",
            "depreciationAndAmortization": "160000000",
            "incomeBeforeTax": "-740000000",
            "incomeTaxExpense": "-10000000",
            "interestAndDebtExpense": "None",
            "netIncomeFromContinuingOperations": "-1036000000",
            "comprehensiveIncomeNetOfTax": "-1081000000",
            "ebit": "-1786000000",
            "ebitda": "-1626000000",
            "netIncome": "-730000000"
        },
        {
            "fiscalDateEnding": "2019-12-31",
            "reportedCurrency": "USD",
            "grossProfit": "1514000000",
            "totalRevenue": "2479000000",
            "costOfRevenue": "965000000",
            "costofGoodsAndServicesSold": "1350000000",
            "operatingIncome": "-610000000",
            "sellingGeneralAndAdministrative": "773000000",
            "researchAndDevelopment": "None",
            "operatingExpenses": "2124000000",
            "investmentIncomeNet": "None",
            "netInterestIncome": "-8000000",
            "interestIncome": "None",
            "interestExpense": "8000000",
            "nonInterestIncome": "2479000000",
            "otherNonOperatingIncome": "2000000",
            "depreciation": "None",
            "depreciationAndAmortization": "162000000",
            "incomeBeforeTax": "137000000",
            "incomeTaxExpense": "52000000",
            "interestAndDebtExpense": "None",
            "netIncomeFromContinuingOperations": "103000000",
            "comprehensiveIncomeNetOfTax": "235000000",
            "ebit": "-610000000",
            "ebitda": "-448000000",
            "netIncome": "85000000"
        },
        {
            "fiscalDateEnding": "2019-09-30",
            "reportedCurrency": "USD",
            "grossProfit": "1099000000",
            "totalRevenue": "2340000000",
            "costOfRevenue": "1241000000",
            "costofGoodsAndServicesSold": "1337000000",
            "operatingIncome": "-1020000000",
            "sellingGeneralAndAdministrative": "781000000",
            "researchAndDevelopment": "None",
            "operatingExpenses": "2119000000",
            "investmentIncomeNet": "None",
            "netInterestIncome": "4000000",
            "interestIncome": "None",
            "interestExpense": "4000000",
            "nonInterestIncome": "2340000000",
            "otherNonOperatingIncome": "4000000",
            "depreciation": "None",
            "depreciationAndAmortization": "162000000",
            "incomeBeforeTax": "-248000000",
            "incomeTaxExpense": "-21000000",
            "interestAndDebtExpense": "None",
            "netIncomeFromContinuingOperations": "-211000000",
            "comprehensiveIncomeNetOfTax": "-370000000",
            "ebit": "-1020000000",
            "ebitda": "-858000000",
            "netIncome": "-227000000"
        },
        {
            "fiscalDateEnding": "2019-06-30",
            "reportedCurrency": "USD",
            "grossProfit": "2466000000",
            "totalRevenue": "2466000000",
            "costOfRevenue": "1081000000",
            "costofGoodsAndServicesSold": "1398000000",
            "operatingIncome": "2466000000",
            "sellingGeneralAndAdministrative": "782000000",
            "researchAndDevelopment": "None",
            "operatingExpenses": "2197000000",
            "investmentIncomeNet": "None",
            "netInterestIncome": "-14000000",
            "interestIncome": "None",
            "interestExpense": "14000000",
            "nonInterestIncome": "2466000000",
            "otherNonOperatingIncome": "3000000",
            "depreciation": "None",
            "depreciationAndAmortization": "165000000",
            "incomeBeforeTax": "-37000000",
            "incomeTaxExpense": "14000000",
            "interestAndDebtExpense": "None",
            "netIncomeFromContinuingOperations": "-42000000",
            "comprehensiveIncomeNetOfTax": "-157000000",
            "ebit": "2466000000",
            "ebitda": "2631000000",
            "netIncome": "-51000000"
        },
        {
            "fiscalDateEnding": "2019-03-31",
            "reportedCurrency": "USD",
            "grossProfit": "1445000000",
            "totalRevenue": "2457000000",
            "costOfRevenue": "1012000000",
            "costofGoodsAndServicesSold": "1400000000",
            "operatingIncome": "-765000000",
            "sellingGeneralAndAdministrative": "810000000",
            "researchAndDevelopment": "None",
            "operatingExpenses": "2210000000",
            "investmentIncomeNet": "None",
            "netInterestIncome": "-14000000",
            "interestIncome": "None",
            "interestExpense": "14000000",
            "nonInterestIncome": "2457000000",
            "otherNonOperatingIncome": "3000000",
            "depreciation": "None",
            "depreciationAndAmortization": "168000000",
            "incomeBeforeTax": "17000000",
            "incomeTaxExpense": "7000000",
            "interestAndDebtExpense": "None",
            "netIncomeFromContinuingOperations": "23000000",
            "comprehensiveIncomeNetOfTax": "67000000",
            "ebit": "-765000000",
            "ebitda": "-597000000",
            "netIncome": "10000000"
        },
        {
            "fiscalDateEnding": "2018-12-31",
            "reportedCurrency": "USD",
            "grossProfit": "1640000000",
            "totalRevenue": "2627000000",
            "costOfRevenue": "955000000",
            "costofGoodsAndServicesSold": "1484000000",
            "operatingIncome": "-617000000",
            "sellingGeneralAndAdministrative": "773000000",
            "researchAndDevelopment": "None",
            "operatingExpenses": "2257000000",
            "investmentIncomeNet": "22000000",
            "netInterestIncome": "None",
            "interestIncome": "None",
            "interestExpense": "15000000",
            "nonInterestIncome": "2595000000",
            "otherNonOperatingIncome": "7000000",
            "depreciation": "None",
            "depreciationAndAmortization": "163000000",
            "incomeBeforeTax": "150000000",
            "incomeTaxExpense": "55000000",
            "interestAndDebtExpense": "None",
            "netIncomeFromContinuingOperations": "119000000",
            "comprehensiveIncomeNetOfTax": "-11000000",
            "ebit": "-617000000",
            "ebitda": "-454000000",
            "netIncome": "95000000"
        },
        {
            "fiscalDateEnding": "2018-09-30",
            "reportedCurrency": "USD",
            "grossProfit": "-995000000",
            "totalRevenue": "2524000000",
            "costOfRevenue": "1007000000",
            "costofGoodsAndServicesSold": "1340000000",
            "operatingIncome": "-3161000000",
            "sellingGeneralAndAdministrative": "826000000",
            "researchAndDevelopment": "None",
            "operatingExpenses": "2166000000",
            "investmentIncomeNet": "1000000",
            "netInterestIncome": "None",
            "interestIncome": "None",
            "interestExpense": "16000000",
            "nonInterestIncome": "2539000000",
            "otherNonOperatingIncome": "20000000",
            "depreciation": "None",
            "depreciationAndAmortization": "163000000",
            "incomeBeforeTax": "151000000",
            "incomeTaxExpense": "50000000",
            "interestAndDebtExpense": "None",
            "netIncomeFromContinuingOperations": "128000000",
            "comprehensiveIncomeNetOfTax": "26000000",
            "ebit": "-3161000000",
            "ebitda": "-2998000000",
            "netIncome": "101000000"
        },
        {
            "fiscalDateEnding": "2018-06-30",
            "reportedCurrency": "USD",
            "grossProfit": "2693000000",
            "totalRevenue": "2693000000",
            "costOfRevenue": "1170000000",
            "costofGoodsAndServicesSold": "1464000000",
            "operatingIncome": "2693000000",
            "sellingGeneralAndAdministrative": "914000000",
            "researchAndDevelopment": "None",
            "operatingExpenses": "2381000000",
            "investmentIncomeNet": "None",
            "netInterestIncome": "None",
            "interestIncome": "None",
            "interestExpense": "16000000",
            "nonInterestIncome": "2693000000",
            "otherNonOperatingIncome": "-333000000",
            "depreciation": "None",
            "depreciationAndAmortization": "175000000",
            "incomeBeforeTax": "-308000000",
            "incomeTaxExpense": "63000000",
            "interestAndDebtExpense": "None",
            "netIncomeFromContinuingOperations": "-355000000",
            "comprehensiveIncomeNetOfTax": "-416000000",
            "ebit": "2693000000",
            "ebitda": "2868000000",
            "netIncome": "-371000000"
        },
        {
            "fiscalDateEnding": "2018-03-31",
            "reportedCurrency": "USD",
            "grossProfit": "987000000",
            "totalRevenue": "2093000000",
            "costOfRevenue": "1106000000",
            "costofGoodsAndServicesSold": "1151000000",
            "operatingIncome": "-924000000",
            "sellingGeneralAndAdministrative": "761000000",
            "researchAndDevelopment": "None",
            "operatingExpenses": "1911000000",
            "investmentIncomeNet": "None",
            "netInterestIncome": "None",
            "interestIncome": "None",
            "interestExpense": "2000000",
            "nonInterestIncome": "2093000000",
            "otherNonOperatingIncome": "30000000",
            "depreciation": "None",
            "depreciationAndAmortization": "100000000",
            "incomeBeforeTax": "-1125000000",
            "incomeTaxExpense": "3000000",
            "interestAndDebtExpense": "None",
            "netIncomeFromContinuingOperations": "-1110000000",
            "comprehensiveIncomeNetOfTax": "-1125000000",
            "ebit": "-924000000",
            "ebitda": "-824000000",
            "netIncome": "-1128000000"
        }
    ]
}